1937 3315
811 171 985 212 —32
1052 196 1099 202 -.-

309 288 441 328 Latius
485 288 601 329 liuius
635 289 869 329 narrationis
909 296 1080 329 vetustas
1119 289 1307 341 pertinet,
1350 290 1382 329 si
1422 290 1577 341 quidem
1620 304 1709 330 cum

196 357 362 396 Helenae
392 358 495 397 haud
526 358 693 398 absimili
724 359 852 398 fabula
882 372 967 398 eam
998 361 1172 399 conferre
1203 359 1304 399 licet.
1350 358 1430 398 Illic
1463 358 1616 407 Helena,
1651 361 1712 400 hic

195 425 499 476 Clytaemnestra
531 426 606 465 iam
638 429 787 478 peperit
816 433 905 466 ante
927 426 1083 466 Atridae
1106 426 1420 473 matrimonium3
1451 427 1578 466 infans
1602 433 1711 466 utro-

196 493 311 543 bique
341 494 387 531 ad
410 494 581 532 Atridam
615 496 859 541 transfertur,
892 496 931 533 in
963 495 1157 545 Iphigenia
1179 494 1336 545 quidem
1360 495 1471 533 tacita
1493 495 1710 533 fabularum

198 561 414 600 mutatione
447 561 628 610 (transitu
655 561 740 613 ipso
770 574 849 601 non
881 568 1015 601 notato
1037 585 1089 589 —-
1115 574 1163 601 an
1185 573 1271 600 vera
1293 561 1465 600 cecinere
1487 560 1711 612 Euphorion

196 635 235 668 et
272 629 485 668 Alexander
515 627 703 669 Aetolus?
734 629 818 681 —)‚
858 629 1185 682 Clytaemnestrae
1215 629 1343 668 infans
1373 630 1497 681 palam
1528 628 1713 680 arripitur

196 698 244 736 ab
273 698 350 736 illo.
401 697 646 748 Quamquam
679 698 886 750 utrobique
916 698 1048 738 Atrida
1078 698 1141 737 ille
1171 698 1434 749 Agamemnon
1466 703 1525 736 est
1554 697 1713 749 (nempe

196 779 276 805 non
314 765 509 805 Menelaus
542 765 782 818 Iphigeniam
823 767 940 806 filiam
982 766 1154 819 recepit).
1217 765 1362 805 Tamen
1401 778 1498 817 quae
1534 771 1593 805 est
1628 777 1713 804 am-

196 834 361 884 biguitas
391 834 430 872 in
461 834 566 873 hisce
597 836 810 882 memoriis,
842 848 932 874 cum
954 848 1059 874 nunc
1082 835 1288 881 Menelaus,
1321 847 1426 873 nunc
1446 835 1712 885 Agamemnon

195 901 233 940 in
258 901 434 953 Spartam
468 901 673 949 dominari,
705 915 811 942 nunc
837 915 974 942 rursus
998 903 1275 954 Agamemnon,
1307 914 1412 941 nunc
1434 901 1577 941 Helena
1600 900 1711 951 Argis

195 970 322 1009 locum
363 970 504 1009 habere
543 970 730 1017 videatur,
767 970 822 1009 nil
857 970 1038 1010 admirari
1076 976 1282 1021 optumum
1314 969 1399 1009 erit.
1459 970 1512 1009 Ac
1542 969 1600 1008 vel
1630 968 1713 1020 ipse

196 1037 392 1076 Menelaus
424 1038 500 1077 huc
530 1038 632 1077 facit.
694 1038 933 1077 Herodotum
964 1037 1004 1076 in
1035 1037 1200 1076 Helenae
1231 1037 1348 1077 rebus
1379 1036 1574 1088 Aegyptiis
1605 1035 1706 1075 anti-

194 1106 370 1156 quiorem
404 1108 545 1145 famam
577 1109 721 1145 referre
752 1107 982 1146 videramus.
1033 1106 1114 1145 Illic
1136 1106 1331 1145 Menelaus
1362 1108 1487 1145 fertur
1517 1117 1607 1145 cum
1632 1104 1710 1143 He-

194 1174 320 1212 lenam
366 1180 574 1225 repeteret,
620 1175 666 1214 ad
703 1180 839 1214 ventos
875 1175 1081 1226 placandos
1121 1174 1218 1213 duos
1258 1174 1527 1225 indigenarum
1568 1185 1710 1224 pueros

193 1241 359 1280 infantes
392 1247 592 1288 mactasse,
624 1242 750 1281 fabula
779 1242 941 1289 Tantali,
974 1242 1091 1289 Atrei,
1113 1241 1414 1293 Agamemnonis
1426 1242 1478 1291 42)
1508 1241 1624 1280 rebus
1657 1240 1711 1279 si-

197 1308 335 1357 milior,
366 1309 441 1348 nisi
471 1309 575 1360 quod
612 1309 666 1348 illi
696 1310 875 1362 proprios
906 1310 964 1348 vel
994 1316 1178 1362 cognatos
1205 1310 1359 1357 liberos,
1392 1309 1454 1349 hic
1474 1309 1619 1349 alienos
1640 1308 1713 1347 im-

196 1378 326 1416 molat.
388 1378 463 1416 Sed
500 1391 589 1417 cum
632 1392 744 1430 saepe
774 1379 901 1418 fabula
931 1391 1020 1417 cum
1053 1391 1218 1430 persona
1248 1378 1310 1417 cui
1341 1378 1523 1417 adhaeret
1551 1378 1590 1416 in
1621 1377 1713 1416 alie-

196 1446 325 1486 niores
346 1447 487 1499 migrat
506 1446 696 1498 regiones,
729 1452 813 1487 tum
834 1447 871 1486 id
892 1446 1054 1494 facinus,
1085 1447 1190 1498 quod
1217 1446 1264 1486 ab
1287 1458 1362 1486 uno
1384 1445 1542 1485 homine
1562 1445 1601 1485 in
1624 1445 1713 1485 bar-

196 1515 285 1553 bara
304 1521 405 1553 terra
423 1521 649 1566 susceptum
668 1515 923 1567 periculosius
940 1528 983 1554 ac
999 1518 1078 1553 fere
1094 1515 1316 1554 incredibile
1333 1520 1403 1560 est,
1420 1514 1608 1565 principio
1625 1526 1714 1565 per-

197 1583 294 1621 tinet
314 1583 361 1621 ad
381 1582 706 1634 Peloponnesum.
767 1583 839 1622 Ubi
861 1583 893 1622 si
914 1583 1079 1622 infantes
1102 1582 1283 1622 mactavit
1303 1582 1446 1628 Atrida,
1469 1581 1535 1633 qui
1558 1580 1713 1620 tandem

194 1650 247 1687 illi
269 1650 458 1701 cuiusque
480 1653 587 1689 fuere
604 1648 803 1702 parentis?
835 1650 970 1689 Nonne
991 1650 1166 1702 proxima
1183 1656 1265 1689 erat
1286 1650 1416 1689 uxoris
1438 1662 1528 1688 suae
1546 1649 1673 1700 proles
1694 1661 1714 1687 a

194 1716 322 1769 priore
341 1717 479 1757 marito
496 1715 725 1770 procreata?
752 1717 1041 1758 Tantummodo
1063 1717 1180 1769 digito
1197 1723 1373 1757 monstro
1390 1722 1581 1757 vetustam
1599 1716 1713 1755 istam

195 1785 354 1824 Menelai
376 1785 544 1825 fabulam
569 1799 589 1826 a
605 1786 760 1826 Duhnio
776 1799 914 1838 parum
931 1786 1179 1833 intellectam,
1201 1799 1276 1838 qua
1293 1786 1454 1826 forsitan
1471 1790 1713 1825 accrescente

195 1852 355 1892 materia
382 1854 520 1905 aliquis
547 1854 696 1894 felicius
717 1855 832 1894 etiam
855 1867 972 1906 quam
995 1854 1090 1894 mihi
1111 1854 1273 1906 contigit
1294 1854 1350 1893 uti
1371 1853 1551 1906 potuerit.
1603 1854 1714 1892 Certe

194 1921 407 1960 similitudo
437 1921 600 1961 istarum
624 1923 789 1962 Helenae
820 1929 859 1963 et
890 1923 1033 1963 sororis
1054 1923 1271 1962 fabularum
1304 1922 1405 1962 sicut
1424 1934 1528 1961 nunc
1559 1923 1716 1960 confor-

196 1995 318 2029 matas
349 1989 566 2042 reperimus
596 2003 674 2030 non
706 2004 748 2031 ea
779 1997 850 2039 est,
882 1997 927 2032 ut
955 1991 1073 2031 altera
1103 1991 1261 2031 alteram
1285 1990 1462 2030 excludat
1483 1996 1602 2042 utque
1634 1982 1713 2029 non

193 2086 289 2118 Jovis
314 2087 494 2129 religione,
520 2089 616 2122 cuius
641 2091 783 2123 antistes
810 2090 981 2123 fabulosus
1009 2090 1143 2134 Lycaon
1169 2094 1234 2131 est,
1259 2090 1451 2132 permansit.
1501 2090 1546 2121 De
1571 2088 1713 2121 Tantalo

194 2143 299 2176 filium
325 2150 491 2179 mactante
517 2151 661 2179 constat.
692 2148 847 2190 Θυέστης
871 2153 981 2180 autem
1008 2148 1174 2191 principio
1200 2148 1271 2190 ipse
1296 2144 1526 2180 ‘sacrificans'
1555 2151 1589 2178 et
1606 2155 1715 2177 come-

194 2201 242 2232 dit
275 2201 365 2233 lilios
397 2220 439 2224 —
470 2204 554 2245 quod
582 2209 698 2246 postea
722 2204 834 2237 fabula
859 2205 894 2236 in
926 2206 1152 2247 importunum
1178 2214 1329 2236 errorem
1356 2204 1462 2236 vertit
1488 2221 1542 2243 —‚
1568 2207 1603 2234 et
1628 2202 1712 2234 haud

194 2257 294 2288 dubie
313 2260 484 2301 mactavit,
513 2260 609 2303 idque
630 2261 670 2291 ad
691 2260 964 2293 immolationem.
998 2261 1048 2292 Ad
1071 2262 1209 2293 eundem
1230 2266 1403 2292 cruentum
1425 2269 1548 2292 morem
1571 2259 1714 2290 Broteae

194 2324 310 2346 nomen
343 2315 473 2349 referre
506 2318 641 2350 videtur
675 2317 817 2350 Preller.
865 2317 979 2360 1536,
1008 2318 1027 2350 3
1087 2319 1134 2351 De
1158 2317 1329 2362 Thyestae
1356 2316 1468 2349 sabula
1493 2316 1590 2355 addo,
1625 2314 1711 2357 quod

193 2377 307 2404 mouet
330 2372 510 2414 Robertus‚
534 2374 630 2407 illum
650 2374 851 2417 simulatque
871 2385 1010 2418 quorum
1026 2386 1159 2408 carnem
1173 2375 1376 2408 comedisset
1391 2373 1552 2415 coguovit
1565 2371 1712 2404 tabulam

195 2429 275 2470 pede
302 2436 462 2464 evertere
486 2432 620 2475 (Aesch.
642 2434 702 2474 Ag.
730 2432 828 2473 1572)
859 2432 949 2465 sicut
973 2433 1127 2477 luppiter
1146 2432 1229 2465 feeit
1247 2432 1280 2465 in
1305 2431 1471 2476 Lycaonis
1493 2429 1618 2462 sabula.
1656 2427 1714 2460 His

194 2487 325 2518 accedit
351 2489 608 2528 Agamemnonis
634 2490 821 2532 exemplum
847 2490 926 2522 item
949 2490 1051 2522 liliam
1072 2490 1287 2522 immolantis.
1321 2488 1354 2521 ld
1373 2498 1501 2530 quoque
1520 2488 1605 2529 quod
1620 2485 1714 2518 Auli—

193 2542 286 2575 densi
324 2542 436 2578 fabula
467 2551 649 2579 commotus
675 2545 775 2579 facile
799 2547 909 2589 poetis
938 2547 1157 2589 attribueris,
1183 2546 1329 2590 puellam
1354 2545 1410 2578 vel
1438 2553 1573 2588 puerum
1597 2542 1713 2575 immo-

193 2600 327 2633 landum
353 2602 437 2635 clam
468 2604 524 2637 vel
550 2604 611 2637 sub
636 2609 816 2647 praetextu
842 2604 954 2648 aliquo
982 2605 1084 2638 matri
1107 2604 1271 2645 subtrahi,
1298 2604 1362 2636 iam
1389 2602 1577 2645 antiquitus
1602 2600 1635 2633 in
1662 2598 1713 2631 his

194 2658 448 2691 narrationibus
474 2660 657 2695 ferebatur.
706 2662 747 2695 cf.
781 2664 820 2696 de
847 2662 969 2706 Pelope
995 2662 1087 2695 Pind.
1115 2661 1288 2702 01.1‚46;
1314 2661 1400 2693 idem
1428 2660 1463 2692 in
1497 2656 1712 2691 Athamantis

192 2715 305 2749 sabula
332 2717 516 2750 Learchum
548 2718 693 2760 (insania
728 2726 765 2753 ut
790 2721 920 2761 dicunt)
947 2720 1123 2753 mactantis
1155 2719 1327 2752 detexisse
1366 2717 1445 2751 mihi
1472 2717 1602 2755 videor,
1627 2711 1713 2756 quod

192 2775 349 2816 persequi
375 2775 431 2806 hic
456 2776 591 2816 longum
617 2781 679 2808 est.
726 2776 760 2808 In
786 2779 872 2809 hunc
898 2787 1068 2809 numerum
1093 2788 1179 2808 nunc
1198 2777 1293 2809 venit
1307 2775 1498 2813 Menelaus3
1524 2783 1555 2804 v.
1572 2775 1713 2804 textum.

304 2831 346 2870 ⁴²)
372 2832 536 2864 Consulto
560 2833 678 2863 omitto
699 2832 894 2873 Aegisthum
915 2832 1173 2873 Agamemnonis
1193 2837 1228 2864 et
1246 2832 1455 2863 Cassandrae
1477 2829 1604 2861 liberos
1626 2836 1714 2859 mac-

191 2895 317 2922 tantem
341 2890 435 2922 l'aus.
461 2888 487 2921 ll
511 2891 561 2928 16,
579 2890 598 2920 5
625 2889 744 2931 quippe
770 2900 853 2931 quae
882 2889 1006 2921 fabella
1032 2889 1251 2920 imitationem
1272 2899 1353 2930 prae
1374 2898 1410 2919 se
1431 2886 1523 2919 ferre
1545 2886 1712 2917 videntus.
