1937 3315
809 156 1101 196 -26-

191 278 233 312 ut
255 273 311 311 vel
342 272 426 311 ideo
457 277 700 311 commutare
721 284 805 310 eam
830 284 905 310 non
940 271 1158 317 debuerint,
1190 270 1341 310 etiamsi
1363 284 1424 311 res
1447 271 1578 312 minus
1608 280 1712 314 esset

188 339 411 391 perspicua:
444 338 654 378 domestica
687 339 812 389 aliqua
834 352 933 379 noxa
963 340 1081 378 latere
1102 338 1263 378 videtur.
1311 338 1381 377 Hic
1411 344 1498 391 apte
1520 341 1710 379 memine-

187 412 281 446 runt
291 405 358 457 ³¹⁸)
389 406 540 445 fabulae
561 406 608 444 ab
628 405 811 457 Euripide
837 406 876 445 in
898 406 1095 458 Iphigenia
1117 405 1277 444 Taurica
1300 417 1333 443 v.
1352 406 1402 444 17
1417 418 1500 457 sqq.
1524 406 1708 458 prolatae,

185 488 205 514 a
227 474 411 514 Cicerone
433 473 655 517 0ff.11125,
672 474 725 513 95
747 474 952 526 repetitae:
976 475 1305 526 Agamemnonem
1334 474 1427 513 olim
1450 486 1566 519 „cum
1589 475 1710 513 devo-

187 542 306 582 visset
321 541 463 582 Dianae
482 540 696 589 (Ciceronis
715 542 842 582 verbis
865 546 971 591 utor)
989 543 1093 595 quod
1111 542 1151 582 in
1168 555 1240 582 suo
1262 554 1382 594 regno
1399 541 1707 595 pulcherrimum

187 618 323 651 natum
354 617 458 650 esset
492 610 558 649 illo
593 615 734 657 anno“‚
772 611 937 650 oblitum
971 624 1056 651 esse
1087 610 1324 663 Iphigeniae,
1368 622 1470 661 „qua
1500 609 1597 648 nihil
1626 615 1710 649 erat

187 692 232 719 eo
263 678 419 731 quidem
451 690 553 717 anno
574 678 776 731 pulchrius
797 682 983 727 natum“;
1015 679 1118 732 quod
1151 677 1381 718 sacrificium
1405 682 1489 718 tum
1522 677 1709 730 flagitanti

188 746 318 787 deberi
349 746 491 786 Dianae
525 745 765 800 (φωςφόρῳ
801 747 925 800 θεῷ).
988 748 1089 787 Haec
1124 747 1251 786 fabula
1283 747 1379 785 bene
1415 746 1588 785 concinit
1617 759 1707 784 cum

184 813 391 867 Aeschy103
422 826 494 853 nec
524 819 654 867 potest
683 813 844 861 obverti,
876 820 1102 867 portentum
1147 814 1240 854 illud
1278 814 1325 854 ad
1358 819 1570 866 utrumque
1600 812 1706 853 Atri-

185 883 272 921 dam
296 889 483 934 spectare,
516 895 595 921 non
619 883 951 934 Agamemnonem
975 895 1120 930 unum,
1148 895 1316 933 namque
1337 882 1452 921 etiam
1475 881 1706 920 sacrificium

186 950 461 990 tantummodo
491 950 587 990 alter
608 950 733 998 offert,
755 962 834 990 non
857 955 1034 1002 uterque.
1072 950 1147 990 Sed
1169 949 1320 990 obstare
1342 955 1473 989 tamen
1501 947 1593 988 huic
1612 960 1707 988 con-

186 1017 317 1058 centui
347 1018 419 1058 alia
455 1018 553 1058 ratio
585 1017 749 1058 videtur.
795 1017 891 1057 Nam
923 1018 962 1057 in
993 1019 1170 1070 proxima
1200 1018 1357 1069 stropha
1396 1017 1539 1056 chorus
1581 1016 1706 1068 respi-

185 1085 238 1125 cit
267 1091 398 1137 aperte
429 1085 757 1137 Clytaemnestrae
788 1092 996 1125 cruentum
1028 1085 1178 1125 facinus
1215 1085 1424 1138 postmodo
1454 1083 1707 1124 committen-

185 1154 292 1196 dum,
318 1153 376 1193 'ita
408 1159 453 1193 ut
479 1154 574 1193 haec
602 1153 733 1206 potius
753 1165 828 1201 res,
858 1153 953 1193 item
976 1153 1198 1201 domestica,
1230 1152 1408 1206 spectari,
1439 1165 1553 1193 causa
1574 1157 1705 1192 autem

184 1221 263 1261 irae
293 1221 443 1261 divinae
473 1233 611 1261 rursus
642 1221 742 1260 elabi
777 1221 890 1261 nobis
922 1222 1110 1261 videatur.
1170 1221 1318 1261 Tamen
1357 1221 1569 1261 admodum
1608 1220 1706 1260 mire

184 1302 273 1329 cuni
306 1289 464 1341 auguris
496 1289 716 1329 vaticinatio
747 1296 831 1330 tum
864 1290 957 1330 deae
987 1290 1190 1330 consilium
1223 1303 1265 1330 se
1295 1290 1471 1337 haberet,
1512 1289 1544 1329 si
1578 1289 1706 1341 primo

184 1358 238 1396 ira
258 1357 359 1396 illius
377 1357 638 1404 nuntiaretur,
658 1358 838 1410 deinceps
849 1359 1066 1411 placaretur
1077 1370 1224 1398 numen
1242 1357 1442 1404 sacrificio,
1462 1363 1542 1397 tum
1562 1357 1705 1397 nihilo-

186 1424 316 1464 minus
345 1427 422 1464 fata
452 1425 493 1464 in
524 1425 686 1465 domum
709 1426 1012 1477 Agamemnonis
1042 1425 1254 1466 irruerent!
1287 1426 1500 1465 Difficultas
1523 1425 1584 1464 hic
1614 1426 1707 1465 latet

183 1493 296 1544 longe
327 1492 480 1544 gravior
500 1505 618 1545 quam
650 1493 735 1532 illae
756 1506 853 1545 quas
884 1493 922 1532 in
953 1499 1089 1545 poetae
1120 1493 1248 1533 verbis
1269 1516 1324 1521 —
1343 1493 1520 1545 quamvis
1542 1492 1705 1533 obtortis

184 1568 222 1600 et
243 1562 399 1600 oraculo
420 1561 546 1612 dignis
562 1584 618 1589 --
638 1561 839 1612 indagasse
862 1562 936 1600 sibi
959 1562 1137 1600 videntur
1157 1561 1401 1612 interpretes.
1439 1560 1591 1599 Etenim
1615 1573 1705 1600 mu-

185 1633 263 1667 tato
294 1629 399 1682 οἵκῳ
437 1627 503 1667 illo
542 1628 689 1669 mentio
730 1627 1031 1668 domesticarum
1070 1640 1200 1667 rerum
1243 1639 1322 1668 non
1359 1633 1599 1676 removetur,
1638 1628 1703 1668 sed

184 1709 272 1735 mox
304 1696 481 1735 recurrit.
544 1696 647 1742 Quid
682 1709 773 1747 ergo
804 1694 1025 1735 faciamus?
1083 1696 1285 1747 Equidem,
1323 1696 1354 1734 si
1385 1696 1500 1735 altius
1530 1702 1705 1748 repetere

180 1763 313 1804 liceret
342 1769 515 1804 mentem
547 1762 690 1804 Dianae
721 1762 866 1804 Atridis
903 1762 1103 1811 infestam,
1146 1762 1262 1803 nullis
1298 1762 1373 1803 iam
1406 1763 1703 1805 difficultatibus

179 1832 406 1884 impedirer:
438 1838 567 1883 potest
597 1832 700 1871 enim
734 1832 870 1879 evinci,
902 1831 1062 1870 numina
1084 1831 1222 1870 Troiae
1252 1832 1430 1879 faventia,
1462 1832 1487 1870 i.
1505 1845 1539 1871 e.
1563 1832 1702 1872 Troiae

179 1898 449 1951 antiquissime
471 1899 585 1947 culta,
608 1899 824 1952 Apollinem
847 1898 967 1939 fuisse
989 1904 1039 1947 et,
1071 1899 1176 1950 quod
1198 1899 1329 1939 minus
1350 1905 1503 1947 notum,
1526 1899 1702 1947 Dianam,

180 1980 297 2018 quarn
337 1967 565 2006 memoriam
598 1967 826 2006 veteriorem
866 1973 905 2006 et
943 1967 983 2005 in
1014 1967 1197 2019 Euripide
1234 1967 1478 2007 inveniemus
1516 1980 1589 2007 nec
1624 1980 1703 2007 non

179 2035 227 2074 ab
264 2035 451 2088 Aeschylo
501 2035 643 2075 servari
680 2034 872 2087 quispiam
919 2035 1073 2075 sentiat.
1142 2035 1217 2075 Sed
1262 2037 1456 2076 enarratio
1494 2036 1701 2089 Aeschylea

180 2104 269 2142 inde
305 2116 383 2142 non
430 2103 635 2142 dilucidior
679 2104 739 2148 fit,
785 2115 874 2141 cum
916 2102 1086 2142 vaticinii
1129 2103 1233 2142 illius
1279 2103 1429 2154 singula
1474 2109 1702 2155 argumenta

179 2171 375 2222 quomodo
414 2171 517 2211 inter
563 2183 602 2210 se
639 2170 902 2222 coagmentari
940 2170 1122 2217 voluerit,
1169 2183 1331 2222 prorsus
1378 2184 1456 2211 non
1503 2184 1702 2223 assequor.

180 2238 263 2277 Una
299 2238 492 2277 sententia
530 2243 686 2289 praesto
723 2243 800 2276 est:
848 2250 927 2276 uno
968 2237 1136 2288 quodam
1176 2237 1418 2290 amplissimo
1458 2245 1618 2291 aspectu
1663 2239 1703 2278 in

178 2306 312 2346 limine
344 2312 472 2347 tantae
503 2305 677 2358 trilogiae
708 2305 836 2358 posito
867 2307 944 2345 sata
975 2306 1115 2346 domus
1146 2306 1473 2358 Agamemnoniae
1504 2307 1577 2347 sub
1607 2320 1703 2347 ocu-

177 2375 235 2414 los
267 2374 408 2414 obiecit
437 2387 458 2413 a
489 2374 617 2426 primo
639 2374 852 2413 domestico
883 2379 1040 2426 peccato
1071 2396 1124 2402 —
1147 2374 1224 2414 voti
1246 2374 1437 2415 oblivione
1463 2399 1519 2403 ——
1539 2388 1703 2416 exorsus

178 2455 247 2494 per
276 2442 510 2482 sacrificium
541 2448 670 2482 ratum
693 2444 838 2482 factum
871 2442 1013 2482 iterum
1035 2442 1081 2481 ad
1114 2443 1213 2482 mala
1243 2449 1463 2491 revertens;
1493 2456 1610 2495 quem
1640 2443 1703 2482 in-

179 2510 401 2549 credibilem
439 2512 609 2549 fatorum
648 2522 868 2548 connexum
908 2509 948 2548 in
986 2510 1198 2550 immortali
1233 2511 1411 2563 proximo
1450 2517 1567 2551 cantu
1603 2511 1703 2562 (149

179 2578 294 2630 sqq.)‚
318 2577 447 2627 (cuius
469 2590 559 2617 cum
584 2577 781 2630 prioribus
803 2583 1009 2618 contextus
1030 2578 1103 2619 alia
1124 2578 1274 2619 ratione
1295 2579 1399 2619 haud
1420 2579 1529 2619 facile
1549 2577 1703 2631 perspi-

177 2646 311 2693 citur),
349 2645 433 2696 ipse
470 2645 740 2696 pientissimus
776 2651 889 2696 poeta
929 2658 1009 2685 non
1048 2646 1134 2685 dico
1172 2646 1381 2697 reprobare
1419 2647 1486 2685 sed
1531 2646 1702 2684 humana

177 2712 367 2765 sapientia
398 2711 639 2763 superiorem
670 2717 710 2751 et
740 2714 856 2752 modo
896 2726 1050 2753 summa
1088 2714 1126 2753 in
1158 2713 1258 2753 Iovis
1303 2713 1464 2753 consilio
1496 2711 1620 2765 posita
1659 2722 1703 2749 ac

177 2793 299 2832 paene
330 2779 508 2819 demersa
539 2779 680 2819 fiducia
710 2781 949 2830 probabilem
982 2781 1109 2820 dicere
1139 2781 1303 2820 videtur.

291 2869 351 2911 ⁸¹⁸)
378 2869 623 2904 Wilamowitz.
651 2870 673 2903 l.
700 2881 727 2903 c.
