1937 3315
846 148 1136 188 -61-

240 266 469 320 reportabat.
501 290 555 296 —
585 265 739 305 Calceos
768 264 886 317 igitur
915 263 1128 317 neglexisse
1159 262 1311 304 videtur
1340 262 1555 315 Euripides.
1604 260 1746 302 Contra

240 336 427 377 veteriora
472 336 512 376 ni
550 335 660 374 fallor
695 334 876 381 servavit,
921 346 1010 373 cum
1047 338 1086 373 et
1120 333 1292 373 Medeam
1331 331 1532 372 induceret
1566 337 1606 371 et
1643 330 1748 383 quod

241 418 396 445 summo
425 405 509 444 iure
539 416 585 442 ex
615 403 764 455 Hygino
795 402 928 453 (1126)
963 403 1043 442 huc
1076 408 1295 450 revocatur,
1327 400 1468 441 Dianae
1506 400 1746 441 sacerdotem

240 473 293 513 illi
324 471 593 514 adversariam.
643 472 771 511 Medea
802 471 933 511 eadem
967 470 1034 509 dea
1065 475 1135 517 est,
1168 470 1267 509 Solis
1297 468 1595 521 consanguinea,
1626 481 1744 522 quam

239 542 280 581 in
300 540 555 593 Tetrapolidis
585 537 779 590 regionem
807 551 827 578 e
848 538 1034 579 Corintho
1065 538 1288 590 migravisse
1309 538 1459 579 ostendi
1480 544 1619 591 potest,
1649 551 1748 591 quae

239 622 345 650 nunc
373 609 413 648 in
435 608 643 648 Minervam
655 606 686 658 ⁵)
716 619 821 647 nunc
841 608 881 647 in
902 607 1088 648 Venerem
1111 607 1232 660 (quod
1252 608 1298 647 ad
1319 608 1488 659 Aegeum
1510 606 1749 659 quadraret),

239 691 344 718 nunc
373 678 413 717 in
443 677 599 717 Dianam
634 678 684 727 (v.
707 689 822 728 supra
851 690 888 728 p.
910 677 977 729 12)
1007 676 1098 717 abit.
1156 676 1210 716 De
1240 675 1520 723 controversia,
1556 688 1654 727 quae
1690 682 1749 716 est

239 747 340 787 inter
369 746 540 786 Medeam
571 751 610 785 et
639 744 779 784 Dianae
815 745 1001 793 cultores,
1034 744 1348 785 Wilamowitzius
1380 744 1526 793 (Herm.
1558 744 1583 784 l.
1600 748 1650 792 c.)
1682 744 1750 796 qui

241 817 287 856 de
307 815 425 855 Diana
446 813 657 855 Brauronia
687 814 838 866 cogitat,
869 814 1043 854 Peliades
1074 813 1307 866 tragoediam
1337 814 1497 861 confert,
1529 813 1596 854 ubi
1617 813 1749 853 Medea

239 885 285 924 ad
317 884 482 924 fallacias
513 896 602 923 suas
642 882 928 934 persequendas
958 882 1132 921 habitum
1163 882 1304 922 Dianae
1334 882 1545 922 sacerdotis
1574 882 1748 922 induisse

240 952 402 992 videtur.
425 974 478 980 -—
500 951 630 990 Medea
650 950 811 989 Athenis
841 951 1002 1001 profuga
1030 949 1107 989 iam
1137 950 1185 989 ab
1205 950 1401 990 Herodoto
1427 950 1510 1001 (VII
1530 950 1600 999 62)
1630 962 1749 1002 agno-

240 1020 379 1069 scitur,
418 1021 549 1061 eadem
588 1018 627 1058 in
666 1018 780 1058 Codri
815 1030 912 1070 quae
948 1023 1107 1058 vocatur
1142 1024 1292 1072 patera,
1338 1018 1513 1059 nondum
1550 1018 1747 1072 Euripidis

240 1090 460 1130 auctoritati
481 1087 687 1139 ohnoxiass)
718 1100 793 1127 una
815 1100 903 1126 cum
935 1087 1119 1127 heroibus
1139 1088 1276 1128 Atticis
1307 1088 1407 1140 picta
1436 1088 1627 1136 cernitur3
1657 1088 1750 1127 item

240 1165 392 1211 praeter
421 1158 592 1198 Medeam
623 1156 745 1209 ipsam
779 1155 997 1208 Chalciope,
1036 1157 1139 1209 quod
1175 1156 1320 1196 sororis
1360 1169 1503 1196 nomen
1533 1162 1611 1205 est,
1650 1156 1751 1196 inter

240 1228 355 1279 Aegei
384 1239 524 1267 uxores
554 1226 602 1266 ab
626 1226 726 1265 Istro
756 1226 1039 1277 numeratur⁷).
1069 1248 1125 1254 —
1156 1227 1231 1266 Sed
1260 1225 1375 1265 etiam
1398 1225 1566 1274 Medum,
1597 1225 1751 1265 Medeae

241 1303 279 1336 et
307 1297 420 1348 Aegei
450 1296 591 1342 filium,
631 1294 670 1334 in
701 1293 894 1345 tragoedia
923 1294 1043 1334 fuisse
1073 1307 1231 1334 necesse
1267 1299 1347 1342 est3
1385 1293 1455 1334 alia
1486 1293 1591 1333 enim
1622 1305 1750 1341 causa,

241 1375 310 1401 cur
330 1362 522 1402 Theseum
553 1363 616 1402 illa
651 1363 867 1402 interficere
898 1363 1068 1411 studeat,
1106 1376 1222 1415 quam
1260 1369 1304 1402 ut
1334 1375 1429 1401 suus
1454 1362 1556 1402 filius
1585 1375 1748 1414 regnum

241 1430 423 1480 obtineat,
455 1432 518 1472 vix
545 1431 795 1484 excogitatur.
846 1431 964 1472 Cuius
995 1432 1051 1472 rei
1080 1431 1266 1472 indicium
1298 1438 1422 1472 exstat
1450 1432 1491 1471 in
1512 1430 1751 1484 Theopompi

241 1498 386 1540 Comici
417 1499 585 1548 These03
617 1499 790 1539 Meineke
819 1499 853 1539 Π
882 1513 919 1551 p.
943 1499 1036 1548 798,
1061 1501 1102 1548 13
1132 1502 1179 1540 fr.
1204 1502 1253 1541 17
1286 1501 1392 1541 Kock
1421 1500 1475 1553 (p.
1499 1499 1617 1552 737):

460 1567 565 1615 ἵξει
595 1567 648 1609 δὲ
683 1566 876 1622 Μήδων
904 1574 1083 1619 γαῖαν,
1117 1567 1230 1610 ἔνθα
1261 1568 1499 1623 καρδάμων

455 1636 674 1676 πλείστων
704 1642 901 1675 ποιεῖται
932 1636 1006 1675 καὶ
1037 1635 1219 1690 πράσων
1249 1635 1482 1690 ἀβυρτάκη.

241 1704 515 1755 Theopompus
546 1704 614 1755 qui
633 1703 853 1755 Euripidem
886 1703 978 1743 alias
1009 1717 1163 1755 quoque
1192 1704 1313 1744 irrisit
1343 1704 1453 1754 (806,
1476 1704 1499 1743 3
1530 1706 1577 1743 fr.
1601 1703 1655 1743 34
1675 1704 1751 1753 Κ.),

241 1778 355 1824 atque
375 1771 415 1812 in
438 1772 511 1812 hoc
531 1772 703 1813 dramate
724 1770 806 1812 sine
836 1770 952 1812 dubio
973 1772 1182 1814 mulierum
1203 1772 1384 1814 veneficia
1412 1778 1495 1813 tum
1518 1771 1621 1813 haud
1642 1772 1752 1813 inso-

240 1840 360 1893 lita⁸)‚
383 1840 484 1881 sicut
503 1840 544 1881 in
560 1840 718 1881 Althaea
739 1842 917 1888 (fortasse
934 1840 1112 1893 Meleagri
1127 1841 1356 1895 Euripideae
1373 1840 1559 1895 parodia),
1581 1840 1655 1882 sub
1669 1840 1751 1881 Me-

241 1910 332 1949 deae
349 1906 505 1949 nomine
520 1909 757 1961 perstrinxit,
775 1914 1023 1961 ceterumque
1038 1911 1153 1950 etiam
1172 1911 1351 1950 ‘Medum'
1368 1910 1609 1950 comoediam
1628 1911 1751 1963 scrip-

241 1978 309 2026 sit,
339 1978 613 2030 Theopompus
644 1977 799 2029 inquam
832 1978 906 2018 hoc
935 1978 1019 2018 loco
1049 1979 1198 2019 inducit
1227 1991 1434 2031 personam
1465 1978 1633 2031 aliquam
1663 1979 1752 2019 talia

241 2045 525 2093 vaticinantem,
547 2045 673 2097 qualia
691 2045 731 2084 in
753 2045 828 2084 fine
850 2045 1131 2097 tragoediarum
1154 2046 1367 2099 emigrante
1383 2046 1510 2098 aliquo
1527 2052 1750 2087 occurrunt.

240 2115 432 2154 Nimirum
455 2115 501 2154 de
522 2114 631 2153 Medo
656 2113 793 2165 agitur,
824 2115 886 2153 cui
907 2114 1067 2154 detectis
1089 2115 1223 2155 matris
1243 2115 1394 2155 insidiis
1415 2115 1455 2154 in
1477 2115 1573 2155 urbe
1594 2128 1751 2155 manere

242 2195 320 2223 non
349 2182 456 2231 licet3
487 2194 612 2234 neque
633 2181 800 2221 dubitari
830 2187 970 2234 potest,
1002 2195 1099 2234 quae
1129 2196 1294 2234 persona
1324 2183 1387 2223 illa
1409 2182 1537 2222 divina
1573 2182 1625 2222 sit
1655 2182 1752 2222 vati-

242 2251 388 2292 cinium
427 2251 562 2291 edens:
600 2250 731 2290 Medea
764 2250 847 2303 ipsa
877 2257 954 2299 est,
992 2264 1071 2291 non
1108 2251 1182 2291 iam
1213 2252 1254 2291 in
1292 2264 1406 2291 scena
1440 2251 1677 2299 consistens,
1714 2250 1753 2290 in

242 2320 334 2360 aede
363 2320 489 2372 Aegei,
519 2331 595 2372 qua
625 2318 838 2372 expellitur,
870 2319 936 2359 sed
968 2319 1146 2360 sublimis
1177 2320 1268 2368 visa,
1299 2320 1507 2360 draconteo
1536 2331 1654 2359 curru
1685 2332 1753 2359 su-

242 2386 355 2434 blata,
387 2387 488 2427 unde
509 2399 615 2428 nunc
635 2387 909 2428 vociferantem
940 2400 1023 2428 eam
1055 2388 1248 2431 audimus.
1293 2390 1337 2430 In
1357 2403 1435 2442 quo
1467 2388 1499 2428 si
1519 2401 1599 2429 non
1629 2387 1750 2428 filium

242 2455 509 2507 prosequitur,
547 2455 585 2494 id
622 2468 712 2495 cum
744 2456 892 2508 Hygino
922 2455 1116 2507 {concinitz
1157 2456 1216 2495 ‘ab
1245 2456 1407 2495 Athenis
1437 2457 1600 2496 Colchos
1629 2457 1753 2496 redit'.

242 2523 470 2575 Euripideae
499 2523 617 2575 igitur
645 2524 884 2565 auctoritatis
912 2523 975 2564 ille
1005 2524 1195 2565 rationem
1226 2524 1360 2564 habuit
1390 2523 1457 2576 qui
1486 2522 1640 2563 Medum
1673 2529 1752 2563 tra-

243 2591 416 2645 goediam
456 2591 612 2645 scripsit
649 2592 696 2633 ab
727 2592 851 2633 Ennio
881 2583 1121 2645 expressam,
1157 2592 1197 2632 in
1237 2605 1313 2645 qua
1343 2591 1477 2632 Medus
1514 2591 1578 2642 (ex
1607 2590 1754 2631 Medico

355 2708 382 2751 ⁵)
402 2705 566 2744 Ἑλλωτίς
588 2707 797 2748 Marathone,
822 2709 1004 2745 Χαλινῖτις
1028 2708 1192 2741 Corinthi.

356 2765 384 2806 ⁶)
409 2776 440 2798 v.
468 2767 508 2797 de
531 2764 582 2797 his
607 2776 765 2798 vasorum
790 2765 1097 2799 necessitudinibus
1122 2764 1258 2798 Robert.
1285 2765 1318 2797 Β.
1344 2774 1376 2796 u.
1402 2762 1439 2797 L.
1467 2763 1654 2798 129—148.

356 2824 386 2865 7)
408 2834 439 2856 ν.
467 2821 660 2856 WilamoW.
687 2823 795 2856 Herm.
821 2822 897 2866 XV,
914 2824 991 2864 484,
1010 2824 1040 2856 3.
1066 2822 1143 2855 523.

356 2881 380 2920 Β)
407 2891 439 2913 v.
464 2878 649 2913 Ralkmauu
676 2881 715 2913 de
741 2880 932 2924 Hippolytis
958 2880 1151 2923 Euripideis
1175 2890 1205 2922 p.
1223 2878 1243 2911 8
1260 2889 1308 2921 sq.
