1937 3315
249 256 296 295 ab
316 256 449 295 eodem
472 259 582 306 poeta
605 257 767 301 utraque
787 250 957 303 potuerit
976 250 1182 302 perhiberi.
1234 250 1284 289 De
1305 256 1460 290 auctore
1481 251 1578 304 ipso,
1600 251 1662 291 cui
1683 252 1752 291 de-

250 324 336 364 beat
364 324 467 364 illam
488 319 703 372 Euripides,
735 318 830 358 nihil
859 319 1022 359 affirmo.
1083 319 1227 358 Tamen
1258 319 1297 358 in
1329 318 1500 359 eiusdem
1539 320 1755 373 tragoediae

249 393 406 444 prologo
423 389 686 431 Stesichorum
710 388 895 439 sequitur,
917 393 1031 439 atque
1053 389 1180 434 etiam,
1202 387 1277 426 nisi
1298 387 1447 438 egregie
1463 389 1582 435 fallor,
1604 402 1639 428 v.
1658 388 1753 435 821,

250 460 315 500 ubi
337 459 499 499 Achilles
520 455 658 495 eximia
680 454 1006 507 Clytaemnestrae
1026 456 1267 495 formositate
1290 462 1462 495 moratus
1483 461 1624 508 stupet,
1655 469 1753 509 quae

249 527 380 567 eadem
398 525 453 565 El.
474 521 580 562 1062
599 526 773 561 notatur:
795 534 870 569 res,
893 529 936 562 ut
957 523 1092 570 sentio,
1114 522 1354 570 insolentior,
1375 523 1557 574 quoniam
1578 524 1754 563 homines

249 596 339 635 inde
369 594 416 633 ab
436 590 634 641 Aeschylo,
666 589 732 641 qui
763 590 863 629 illam
887 591 1036 642 primus
1066 591 1104 630 in
1136 603 1288 631 scenam
1311 591 1557 643 produxerat,
1590 598 1753 631 matrem

249 669 287 702 et
317 660 485 712 reginam
517 658 576 697 vel
605 657 804 697 mulierem
837 658 1036 699 scelestam
1069 659 1198 699 animo
1229 659 1300 699 sibi
1324 660 1467 712 fingere
1492 666 1754 706 assueverant,

248 737 287 770 at
315 740 392 768 non
423 729 654 770 formosam,
687 725 850 765 Helenae
880 727 1024 767 sororis
1051 727 1236 775 similem3
1267 728 1343 767 huc
1364 735 1533 767 mentem
1556 729 1755 768 advertere

250 797 348 838 haud
379 794 488 835 facile
508 795 713 846 quisquam
735 800 885 847 poterat
910 795 985 836 nisi
1006 801 1162 837 auctore
1192 808 1249 843 eo,
1280 796 1346 848 qui
1367 809 1429 836 res
1450 796 1712 849 Tyndaridum
1734 810 1754 837 a

248 864 438 918 principio
468 862 682 914 repetisset,
714 863 838 913 qualis
868 865 940 903 fuit
970 864 1227 903 Stesichorus.

361 1002 398 1039 5.
444 999 546 1037 Duae
577 1004 725 1037 restant
754 998 902 1037 fabulae
933 999 1153 1051 Amyclaeae
1184 999 1401 1051 antiquitati
1433 1000 1609 1052 propriae
1639 1007 1678 1040 et
1707 1000 1757 1039 ob

249 1069 427 1109 eximiam
460 1071 689 1106 vetustatem
711 1078 797 1106 cum
820 1066 1067 1118 religionibus
1088 1079 1206 1120 prope
1228 1080 1440 1108 connexam
1470 1068 1756 1115 memorabiles,

248 1149 364 1189 quam
395 1142 600 1186 utramque
620 1134 821 1186 Euripides
851 1135 889 1174 in
919 1135 1036 1175 buius
1056 1136 1191 1176 aetatis
1213 1136 1418 1189 tragoediis
1439 1137 1758 1176 commemoravit

249 1211 287 1244 et
320 1204 470 1256 primus
513 1206 674 1242 fortasse
711 1203 811 1242 inter
841 1204 982 1243 saeculi
1012 1204 1070 1243 sui
1101 1204 1288 1255 aequales.
1347 1204 1519 1251 Quarum
1551 1204 1669 1243 altera
1700 1211 1759 1244 est

250 1271 523 1325 Hyacinthi,
556 1271 593 1310 in
617 1271 780 1310 Helenae
810 1271 958 1311 cantico
989 1271 1115 1323 (1469
1137 1272 1238 1323 sqq.)
1261 1272 1427 1311 breviter
1456 1271 1593 1311 relata:
1625 1272 1690 1311 ubi
1712 1271 1758 1311 de

249 1346 404 1380 auctore
434 1339 576 1379 certius
605 1341 809 1391 quicquam
843 1345 1010 1380 statuere
1040 1353 1085 1379 eo
1106 1346 1166 1380 est
1186 1339 1397 1386 difficilius,
1428 1352 1506 1391 quo
1529 1338 1756 1378 nobiliorem

249 1410 287 1447 in
311 1407 704 1448 Lacedaemoniorum
726 1408 890 1447 summis
910 1408 1159 1459 religionibus
1180 1409 1306 1447 locum
1330 1408 1484 1447 tenebat
1509 1406 1757 1459 Hyacinthus.

249 1478 373 1517 Altera
391 1483 450 1517 est
466 1476 650 1516 mirabilis
667 1476 871 1516 Helenae
892 1477 950 1516 vel
966 1490 1011 1516 ex
1028 1490 1099 1516 ovo
1116 1479 1174 1517 vel
1189 1490 1235 1516 ex
1253 1477 1353 1516 Leda
1370 1476 1450 1529 ipsa
1468 1475 1757 1528 procreatio,

249 1557 363 1596 quam
395 1545 433 1583 in
465 1544 592 1596 primo
614 1544 778 1583 Helenae
808 1545 989 1584 carminis
1017 1545 1116 1584 libro
1146 1545 1314 1584 defuisse
1336 1544 1436 1583 haud
1458 1544 1666 1583 verisimile
1686 1551 1757 1583 est.

250 1612 370 1652 Nemo
400 1612 524 1651 nescit
543 1611 738 1652 Nemesim
768 1612 1047 1652 diversissimas
1079 1619 1122 1652 ut
1142 1613 1242 1653 Iovis
1273 1612 1485 1652 conubium
1507 1613 1658 1663 fugeret
1677 1613 1759 1650 for—

252 1693 332 1719 mas
353 1680 537 1725 induisse,
570 1680 690 1719 donec
711 1680 748 1719 in
781 1692 956 1719 anserem
989 1686 1135 1719 mutata
1165 1681 1212 1720 ab
1233 1681 1297 1720 illo
1320 1681 1357 1719 in
1387 1691 1549 1732 cycnum
1573 1692 1758 1718 converso

251 1754 498 1800 superaretur
534 1754 572 1787 et
607 1761 720 1788 ovum
759 1749 940 1802 deinceps
976 1746 1121 1796 ederet,
1159 1763 1204 1789 ex
1243 1762 1320 1801 quo
1350 1762 1369 1787 a
1403 1747 1502 1787 Leda
1534 1748 1690 1787 invento
1721 1755 1760 1787 et

251 1819 330 1856 foto
352 1817 492 1856 Helena
524 1817 711 1856 evaderet.
771 1817 870 1856 Haec
899 1818 1015 1857 altera
1046 1819 1194 1857 fabulae
1225 1820 1359 1863 forma,
1391 1829 1506 1868 quam
1540 1817 1594 1855 sic
1621 1817 1757 1856 iamin

251 1884 398 1937 Cypriis
429 1891 620 1925 narratam
644 1885 762 1924 fuisse
791 1897 947 1925 necesse
977 1893 1047 1925 est.
1108 1885 1202 1926 Nam
1232 1885 1307 1925 illic
1326 1897 1479 1936 quoque
1500 1884 1696 1924 Nemesim
1719 1885 1757 1924 in

251 1965 424 1992 anserem
454 1966 495 1992 se
518 1959 697 1996 mutasse,
728 1966 962 2005 quamquam
985 1954 1126 1993 diserte
1147 1966 1223 1993 non
1248 1953 1424 1999 traditur,
1456 1958 1584 1992 tamen
1607 1959 1758 1993 tantum

251 2034 328 2061 non
359 2028 506 2061 certum
539 2027 609 2068 est,
640 2035 717 2073 quo
747 2022 863 2062 alium
895 2022 1039 2062 exitum
1062 2022 1220 2062 historia
1250 2021 1389 2062 habere
1418 2034 1497 2061 non
1519 2028 1681 2073 poterat,
1712 2034 1760 2061 ne

251 2101 327 2127 non
370 2089 540 2141 luppiter
580 2090 707 2137 modo,
748 2090 813 2129 sed
851 2090 884 2129 is
914 2103 1066 2142 quoque
1104 2090 1170 2142 qui
1200 2090 1291 2142 legit
1320 2089 1472 2129 auditve
1502 2089 1759 2142 deciperetur,

252 2156 419 2209 Apparet
447 2163 575 2197 autem
609 2158 706 2198 hanc
735 2158 900 2198 fabulam
933 2171 1031 2210 quae
1060 2158 1162 2198 inter
1182 2157 1322 2197 Ledam
1354 2163 1393 2197 et
1422 2157 1548 2197 Iovem
1581 2164 1760 2210 parentes

251 2224 430 2264 Nemesin
472 2225 651 2271 intericit,
691 2238 769 2265 non
809 2225 1117 2277 antiquissimam
1157 2238 1241 2265 esse
1278 2238 1403 2277 posse.
1463 2225 1638 2266 Nemesis
1679 2227 1761 2279 ipsa

254 2293 291 2332 in
339 2293 411 2333 diis
453 2293 642 2346 Olympiis
682 2307 757 2333 non
799 2294 973 2341 habetur,
1020 2307 1095 2334 una
1142 2293 1246 2346 regio
1287 2293 1351 2333 ubi
1398 2293 1470 2333 sub
1515 2307 1560 2334 eo
1605 2294 1762 2335 nomine

253 2373 397 2401 numen
419 2363 700 2415 qualecumque
728 2363 935 2409 colebatur,
957 2362 1158 2402 Rhamnus
1179 2361 1253 2401 fuit
1273 2361 1578 2401 Atheniensium.
1621 2360 1763 2400 Helena

252 2434 381 2469 autem
420 2444 438 2470 a
478 2430 579 2472 Leda
618 2437 740 2472 matre
777 2444 855 2471 non
891 2437 1018 2483 potest
1057 2430 1259 2483 segregari,
1298 2430 1400 2482 quod
1439 2443 1487 2469 ne
1524 2429 1764 2469 Rhamnusia

253 2497 407 2547 quidem
448 2499 574 2538 fabula
615 2499 850 2546 dissimulat,
896 2511 982 2538 cum
1023 2499 1147 2538 Ledae
1190 2498 1353 2538 nutricis
1393 2505 1522 2550 partes
1567 2499 1764 2538 concedat.

252 2563 398 2611 Quodsi
430 2567 590 2607 offendit
614 2567 838 2608 Welckerus
869 2567 952 2620 (Ep.
975 2566 1074 2619 Cycl.
1098 2567 1130 2606 ΙΙ
1164 2566 1238 2606 131
1264 2571 1337 2619 sq.)
1368 2567 1405 2606 in
1437 2566 1645 2606 Nemeseos
1676 2578 1765 2606 mu-

254 2634 396 2673 tatione
435 2641 473 2675 et
508 2643 622 2687 partu
662 2637 725 2676 illo
762 2643 957 2688 tamquam
1000 2636 1159 2687 indigno
1197 2643 1304 2675 tanto
1343 2636 1515 2682 numine,
1557 2636 1765 2676 Kekuleius

253 2707 356 2742 recte
393 2703 424 2743 is
455 2704 609 2755 quidem
629 2705 841 2758 respondit
875 2717 990 2745 ovum
1021 2717 1042 2744 a
1072 2704 1209 2744 tradita
1241 2704 1340 2745 lovis
1371 2704 1409 2744 in
1440 2717 1603 2757 cycnum
1637 2711 1765 2744 muta-

198 2762 201 2767 ”
255 2768 355 2808 tione
387 2772 534 2810 secerni
560 2785 638 2812 non
668 2786 799 2825 posse3
831 2773 896 2814 sed
924 2772 1085 2812 omnino
1113 2785 1192 2812 non
1222 2773 1270 2811 ab
1296 2786 1363 2812 ave
1396 2773 1584 2824 proficisci
1614 2779 1768 2824 oportet

253 2856 307 2862 —
327 2848 416 2876 nam
438 2839 529 2889 quid
550 2839 629 2878 Iovi
659 2852 747 2880 cum
780 2853 899 2892 cycno
929 2841 993 2887 sit,
1026 2840 1180 2880 difficile
1201 2840 1427 2891 intelligitur
1447 2863 1513 2887 -—-—,
1546 2840 1613 2879 sed
1636 2839 1766 2891 potius

1533 2908 1555 2941 3
