1937 3315
878 176 927 181 .,
994 153 1049 193 70
1114 176 1163 180 m

272 269 510 319 tendens¹⁸).
571 270 691 309 Multo
722 269 858 310 melius
889 277 927 309 et
957 269 1123 308 fabulam
1156 275 1298 308 certam
1332 277 1487 309 secutus
1518 276 1657 321 egerat,
1688 282 1776 309 cum

268 337 407 377 Thesei
453 338 498 377 ad
538 338 682 378 inferos
719 338 948 378 descensum
987 336 1237 377 adhibuisset.
1298 339 1487 391 Comparo
1523 339 1617 378 haec
1647 344 1779 391 utpote

268 419 424 453 causas,
475 418 545 446 cur
589 406 635 446 ab
679 406 841 446 Athenis
886 406 1020 446 abesse
1065 406 1237 445 Theseus
1283 406 1487 447 diceretur.
1559 407 1609 447 At
1652 405 1779 447 fabula

269 474 341 512 ista
375 474 421 512 de
451 474 601 513 Theseo
631 480 670 513 et
699 474 873 513 Pirithoo
903 474 1077 521 Athenis,
1108 486 1186 512 non
1219 473 1412 514 Troezene
1442 476 1568 515 locum
1596 474 1779 522 habebat3

275 541 352 581 illic
381 541 490 582 locus
520 542 607 595 plus
638 554 715 582 uno
747 542 1048 590 monstrabatur,
1079 542 1145 582 ubi
1175 541 1288 582 amici
1318 542 1358 582 in
1381 542 1525 584 Orcum
1558 543 1779 584 descendis-

274 619 382 658 sent3
412 624 484 649 nec
513 617 625 662 poeta
655 612 819 662 patriam
852 611 1060 650 domestica
1091 611 1217 650 fabula
1247 611 1457 662 privavisse
1487 619 1531 651 ut
1550 624 1633 651 eam
1656 612 1779 650 Troe-

271 692 365 720 zena
405 680 632 720 transferret
669 678 885 720 credendus
925 686 994 720 est.
1055 678 1161 720 Hanc
1200 686 1330 720 autem
1375 679 1557 730 fabulam,
1601 679 1779 727 Atticam,

271 761 358 787 cum
393 748 561 787 abiceret
598 750 644 786 ad
681 749 858 801 μίασμα
894 749 986 788 illud
1035 747 1345 788 Παλλαντιδῶν
1381 749 1627 800 confugiens,
1665 749 1782 788 simul

271 816 440 857 secundo
471 816 627 856 invento
659 829 758 869 opus
795 823 878 857 erat
898 817 944 857 ad
981 816 1261 869 explicandum,
1301 829 1371 856 cur
1399 816 1573 857 Theseus
1612 831 1633 858 a
1670 830 1782 857 scena

271 886 511 934 (Troezenia)
543 885 716 932 abesset3
757 885 865 925 linxit
893 886 1011 937 igitur
1049 886 1244 938 θεωρίαν
1274 885 1404 924 nescio
1434 898 1550 937 quam
1581 898 1603 925 a
1633 886 1781 925 Theseo

273 954 485 1001 visendam,
508 953 733 994 vilissimam
757 955 929 1006 profecto
952 960 988 994 et
1010 953 1287 994 debilissimam
1309 966 1478 1000 causam,
1510 953 1621 993 cuius
1649 959 1783 994 auctor

275 1023 481 1063 manifesta
512 1021 586 1062 fuit
622 1021 763 1074 inopia.
822 1021 981 1062 Duobus
1019 1023 1136 1074 igitur
1175 1023 1383 1061 momentis
1428 1021 1624 1074 indigebat
1658 1028 1782 1075 poeta,

277 1092 341 1131 ubi
371 1091 411 1130 in
443 1090 572 1142 priore
600 1097 641 1129 'et
680 1090 884 1129 immutata
926 1091 1119 1142 tragoedia
1159 1090 1375 1130 sufficiebat
1412 1102 1549 1138 unum,
1594 1090 1709 1142 idque
1746 1096 1784 1130 et

273 1158 569 1212 simplissimum
601 1164 639 1197 et
669 1157 956 1210 dignissimum.
1017 1158 1139 1198 Porro
1170 1158 1411 1198 occasionem
1444 1163 1677 1210 spectemus,
1708 1171 1783 1211 qua

272 1227 445 1267 Phaedra
467 1233 675 1279 cognoscat
710 1226 933 1279 privignum
970 1232 1081 1266 antea
1122 1227 1313 1279 ignotum.
1374 1226 1520 1266 Omnes
1559 1227 1663 1267 enim
1705 1239 1783 1266 uno

273 1309 338 1336 ore
369 1302 572 1343 testantur,
605 1294 856 1347 Hippolytum
888 1308 907 1334 a
939 1301 1046 1347 patre
1079 1301 1228 1335 mature
1260 1295 1423 1335 missum
1464 1308 1548 1334 esse
1578 1296 1783 1343 Troezena,

273 1378 340 1404 seu
374 1371 416 1403 ut
446 1377 465 1402 a
486 1363 639 1402 Pittheo
670 1362 788 1401 abavo
819 1363 1061 1409 educaretur,
1093 1376 1162 1402 seu
1192 1376 1240 1402 ne
1271 1375 1435 1414 regnum
1458 1363 1693 1403 Atheniense
1714 1364 1785 1403 ob-

275 1432 424 1479 tineret,
456 1444 525 1471 seu
556 1430 659 1483 quod
680 1430 924 1483 Asclepiades
955 1430 1072 1470 tradit
1102 1430 1246 1482 (Schol.
1270 1430 1383 1471 Hom.
1400 1429 1425 1471 λ
1445 1431 1539 1471 321.
1585 1431 1692 1472 Eust.
1713 1431 1784 1484 ib.)

275 1507 318 1540 ut
349 1506 455 1540 tutus
486 1505 590 1539 esset
619 1512 639 1539 a
670 1511 856 1539 novercae
887 1499 1049 1539 insidiis.
1109 1499 1313 1539 Nitebatur
1342 1500 1378 1539 id
1410 1513 1497 1540 vera
1527 1512 1659 1540 rerum
1690 1513 1784 1541 con-

275 1569 445 1616 dicione,
478 1580 565 1607 cum
600 1567 832 1621 Hippolytus
862 1568 976 1607 heros
1007 1574 1110 1607 esset
1140 1567 1297 1607 omnino
1319 1568 1553 1608 Troezenius
1574 1569 1787 1610 etiamtunc

275 1650 369 1678 cum·
402 1636 576 1675 Theseus
620 1635 766 1676 iamdiu
804 1637 1051 1677 Atheniensis
1097 1639 1220 1676 sactus
1258 1642 1380 1685 esset3
1426 1650 1661 1690 quamquam
1707 1651 1786 1678 non

274 1705 595 1752 obliviscendum,
639 1704 836 1757 Hippolyti
867 1718 1022 1757 quoque
1052 1705 1281 1744 memoriam
1318 1717 1395 1745 una
1431 1718 1520 1745 cum
1560 1705 1680 1758 patris
1716 1706 1786 1745 ali-

277 1782 471 1828 quatenus
502 1774 671 1813 Athenas
703 1773 940 1825 migravisse,
982 1774 1084 1825 quod
1117 1774 1227 1813 docet
1258 1769 1492 1828 Ἀφροδίτη
1530 1771 1605 1814 ἐπὶ
1635 1771 1785 1815 Ἱππο-

273 1842 397 1897 λύιῳ.
457 1843 537 1881 Iam
555 1841 587 1881 si
609 1842 810 1893 supposita
832 1842 971 1882 Thesei
992 1844 1079 1893 fuga
1101 1842 1294 1881 Troezene
1315 1854 1429 1881 scena
1450 1842 1635 1882 dramatis
1656 1844 1786 1890 fuerit,

275 1913 385 1952 locus
416 1911 449 1951 is
480 1917 562 1952 erat
592 1910 760 1951 maxime
790 1910 965 1958 idoneus,
1004 1923 1080 1962 quo
1110 1909 1282 1951 Phaedra
1313 1909 1459 1951 videret
1487 1912 1707 1964 privignum
1750 1918 1788 1953 et

273 1981 481 2020 adamaret.
556 1979 656 2027 Quid
694 1979 812 2031 igitur
851 1992 949 2031 opus
995 1986 1076 2019 erat
1110 1979 1236 2019 addita
1281 1979 1352 2019 alia
1393 1979 1605 2028 occasione,
1650 1980 1787 2020 itinere

275 2048 469 2101 Hippolyti
514 2048 711 2099 quondam
763 2047 932 2088 Athenas
985 2047 1031 2087 ad
1056 2065 1060 2070 ·
1085 2047 1277 2088 Eleusinia
1330 2047 1451 2088 facto!
1507 2047 1555 2088 Et
1592 2048 1786 2089 Eleusinia

273 2117 430 2170 quidem
468 2129 537 2169 per
577 2128 617 2155 se
654 2115 798 2155 nullius
840 2115 1026 2154 momenti
1064 2121 1178 2162 sunt;
1220 2116 1364 2168 placuit
1400 2122 1534 2168 poetae
1565 2128 1608 2156 ea
1638 2116 1787 2157 itineris

273 2198 387 2226 causa
419 2191 461 2225 ut
489 2183 690 2235 aptissima
712 2183 887 2222 moribus
920 2189 958 2222 et
989 2182 1106 2222 indoli
1128 2183 1323 2235 Hippolyti
1354 2184 1419 2235 (cf.
1442 2183 1523 2223 952
1546 2186 1668 2235 sqq.);
1701 2191 1786 2224 tan-

275 2261 360 2293 tum
392 2252 438 2292 de
469 2251 607 2291 itinere
638 2251 723 2305 ipso
753 2250 980 2291 Atheniensi
1009 2252 1147 2303 agitur.
1207 2251 1320 2299 Quod
1350 2251 1444 2291 adeo
1474 2264 1554 2292 non
1583 2264 1627 2292 ex
1657 2264 1699 2292 re
1728 2259 1788 2293 est

273 2321 446 2372 adeoque
477 2320 643 2360 alienum
684 2334 705 2360 a
736 2326 872 2360 natura
909 2320 1073 2368 fabulae,
1115 2326 1157 2360 ut
1186 2320 1462 2373 Aristophanes
1494 2320 1698 2373 Byzantius
1728 2321 1788 2361 vel

273 2389 451 2441 quisquis
482 2388 658 2428 condidit
687 2388 920 2440 hypothesin
952 2388 1178 2436 Coroniseri‚
1220 2389 1257 2428 id
1297 2389 1409 2441 plane
1449 2389 1635 2438 omiserit,
1671 2396 1787 2442 atque

272 2458 324 2498 ita
346 2457 467 2509 egerit
494 2457 603 2508 quasi
627 2456 821 2496 Troezene
851 2457 1020 2509 primum
1053 2469 1216 2497 noverca
1246 2457 1354 2497 illum
1378 2456 1552 2501 vidisset;
1583 2463 1622 2497 et
1641 2457 1787 2498 Pausa-

273 2526 355 2565 nias
378 2537 469 2564 vero
490 2524 647 2578 πρῶτα
668 2523 863 2564 ἐνταῦθα
885 2524 1112 2576 (Troezene)
1135 2523 1251 2566 εἶδεν
1270 2525 1374 2573 dicit,
1391 2526 1494 2577 quod
1515 2528 1687 2577 profecto
1708 2532 1787 2572 tam

272 2600 577 2633 consentaneum
595 2601 666 2641 est,
693 2601 735 2634 ut
749 2593 796 2633 ad
813 2593 887 2632 hoc
899 2592 1006 2632 nullo
1022 2598 1173 2645 praeter
1184 2593 1405 2646 Euripidem
1423 2595 1528 2634 fonte
1545 2606 1644 2646 opus
1659 2595 1785 2634 fuerit.

279 2661 429 2701 Dixeris
462 2662 538 2701 sani
569 2662 786 2714 Hippolytei
817 2661 1148 2701 commemorandi
1179 2674 1292 2701 causa
1323 2662 1374 2712 (v.
1397 2661 1449 2702 28
1467 2662 1570 2714 sqq.)
1600 2662 1674 2701 iter
1693 2662 1786 2700 illud

276 2729 516 2769 Atheniense
547 2730 705 2771 finxisse
735 2737 900 2783 poetam.
959 2732 1008 2770 At
1039 2730 1180 2769 mirum
1213 2737 1401 2782 quantum
1422 2730 1632 2770 abhorrent
1653 2741 1786 2769 versus

384 2822 428 2862 ¹⁸)
452 2821 584 2855 Vereor
615 2831 655 2853 ne
688 2831 730 2853 ex
753 2821 915 2864 Euripide
952 2822 1060 2865 potius
1090 2832 1185 2864 quam
1217 2832 1258 2854 ex
1289 2821 1442 2864 populari
1466 2820 1624 2853 memoria
1650 2821 1788 2862 fluxerit

272 2879 371 2912 exilii
396 2879 538 2911 huiusce
564 2878 690 2910 mentio
716 2889 767 2920 ap.
792 2877 889 2911 Paus.
907 2878 918 2911 1
938 2880 991 2921 28,
1012 2879 1060 2910 10.
