1937 3315
807 187 1092 227 ..Π-

193 306 260 357 qui
281 305 384 344 iusto
405 311 443 343 et
464 302 675 342 inevitabili
697 303 795 342 Iovis
824 304 984 343 consilio
1006 303 1185 343 interiere
1206 303 1305 355 (348
1329 304 1442 356 sqq),
1474 316 1589 357 quam
1616 316 1706 343 sen-

195 373 354 413 tentiam
386 374 432 413 ad
464 373 683 411 universam
706 371 861 410 Troiam
893 380 1090 423 tamquam
1122 379 1320 411 auctorem
1355 373 1450 411 tanti
1480 373 1613 424 flagitii
1643 384 1708 411 re-

194 442 320 480 ferens
349 441 435 492 plus
468 451 544 477 uno
575 438 723 478 cantico
749 445 860 491 poeta
889 439 1043 491 attingit
1070 439 1154 491 (Ag.
1184 439 1278 480 675.
1320 438 1412 478 Cho.
1440 438 1563 490 928);
1595 438 1707 478 deni-

194 522 268 558 que
299 522 332 546 v.
356 507 434 546 733
458 519 540 556 sqq.
572 506 617 544 ad
639 506 817 545 Paridem
848 509 1066 554 revertitur,
1098 508 1210 546 cuius
1230 507 1518 559 improbitatem
1543 506 1705 545 divitum

195 574 364 615 luxuriae
402 572 655 626 lasciviaeque
694 574 848 614 crimini
887 575 1056 615 dandum
1095 589 1179 616 esse
1215 582 1357 616 censet.
1417 575 1472 614 Ac
1509 587 1556 613 ne
1588 587 1707 626 opum

194 644 350 694 quidem
391 654 411 680 a
450 641 584 680 Paride
622 648 818 693 raptarum
862 643 1097 683 mentionem
1134 644 1345 696 Aeschylus
1383 642 1542 689 omittit,
1591 654 1707 693 quam

194 709 357 761 eleganti
396 722 650 761 personarum
682 711 929 751 distinctione
960 725 1055 751 usus
1086 704 1278 764 praeconi,
1321 712 1368 751 de
1407 712 1515 763 plebe
1547 711 1709 758 homini,

194 777 371 816 attribuit
403 777 528 824 (512),
559 777 651 816 item
682 784 854 818 ceterum
887 780 933 818 de
964 780 1111 826 Paride,
1143 779 1239 818 nihil
1268 779 1314 817 de
1344 779 1484 818 Helena
1517 778 1708 829 loquenti.

195 844 327 884 Paullo
356 843 481 883 lenius
513 844 677 884 Helenae
717 847 861 885 factum
903 847 1117 897 attingitur.
1177 846 1407 893 Queruntur
1437 846 1521 884 eius
1552 845 1708 896 quidem

196 911 386 950 infelicem
409 913 537 962 fugam
561 911 676 962 (390)
706 918 744 951 et
766 913 933 951 multum
964 912 1003 950 in
1034 912 1192 951 nomine
1222 912 1371 950 luditur
1393 918 1588 963 tamquam
1622 912 1712 951 mali

196 978 336 1018 ominis
366 978 491 1030 plenO,
523 980 589 1018 sed
611 979 661 1018 ita
683 992 837 1031 quoque
857 980 967 1031 quasi
988 980 1151 1019 daemon
1173 979 1376 1031 potius232)
1407 980 1530 1019 fatalis
1556 980 1710 1031 utrique

197 1047 340 1098 populo
370 1046 613 1094 describitur,
645 1060 760 1098 quam
794 1054 837 1087 ut
866 1048 989 1100 ipsius
1020 1048 1153 1087 levitas
1185 1047 1491 1099 improbitasque
1521 1046 1713 1099 perstrin-

199 1120 320 1164 gatur,
358 1127 592 1165 quamquam
625 1115 664 1153 in
694 1116 769 1154 fine
801 1116 901 1167 regis
932 1116 1078 1155 recenti
1109 1121 1234 1155 morte
1264 1121 1466 1167 permotus
1497 1115 1537 1154 in
1569 1121 1711 1154 contu-

199 1182 351 1222 meliam
385 1182 555 1234 erumpit
574 1183 736 1223 chorus:
770 1181 833 1231 ἰώ,
867 1182 932 1231 ἰώ,
964 1183 1187 1237 παράνους
1204 1181 1363 1231 Ἑλένα,
1386 1196 1463 1235 quo
1484 1183 1600 1223 etiam
1623 1195 1713 1235 per-

199 1251 296 1290 tinet
317 1264 350 1289 v.
373 1251 426 1289 62
449 1249 720 1303 πολυάνορος
741 1249 854 1303 ἀμφὶ
876 1249 1081 1300 γυναικός
1110 1252 1176 1301 (cf.
1201 1251 1296 1299 763)
1320 1256 1436 1301 atque
1457 1250 1539 1289 395
1563 1251 1709 1301 στίβοι

200 1310 445 1371 φιλάνορες.
505 1317 628 1365 Quam
668 1319 882 1359 libertatem
925 1318 1055 1359 iudicii
1098 1318 1144 1358 de
1182 1318 1323 1358 Helena
1361 1318 1427 1357 lati
1466 1324 1605 1370 sponte
1644 1330 1713 1357 sua

199 1386 408 1436 Aeschylus
430 1398 644 1436 numquam
666 1393 865 1425 assecutus
887 1393 1007 1433 esset,
1028 1387 1169 1425 ductus
1191 1398 1275 1424 esse
1299 1385 1450 1424 videtur
1471 1385 1715 1424 Stesichorea

200 1452 318 1504 poesi,
349 1465 464 1504 quam
496 1453 536 1492 in
567 1453 717 1493 Orestia
757 1454 905 1505 trilogia
934 1453 1121 1493 adhibuit.
1180 1453 1276 1493 Cum
1316 1452 1419 1491 enim
1452 1452 1550 1504 epici
1580 1458 1715 1503 poetae

200 1520 239 1557 in
279 1520 458 1571 plurimis
498 1520 615 1559 rebus
654 1521 789 1559 Troiae
831 1521 947 1571 gestis
987 1527 1026 1560 et
1065 1520 1104 1559 in
1146 1520 1235 1559 belli
1271 1519 1419 1558 vicibus
1456 1524 1714 1566 versarentur,

203 1587 448 1628 Stesichorus
485 1589 637 1640 primus
668 1588 708 1628 in
741 1589 906 1629 Helenae
936 1601 1101 1641 persona
1132 1595 1172 1627 et
1201 1588 1341 1627 sabulis
1372 1587 1597 1626 enarrandis
1627 1587 1715 1639 plus

201 1656 332 1706 posuit
361 1656 579 1706 diligentiae
616 1662 655 1695 et
683 1657 838 1707 ingenii.
900 1656 1090 1695 Hesiodus
1123 1660 1273 1695 tantum
1306 1654 1431 1694 obiter
1460 1661 1498 1693 et
1528 1656 1607 1693 fere
1638 1666 1715 1693 uno

201 1723 316 1762 verbo
347 1723 544 1763 infamiam
566 1724 826 1775 Tyndaridum
861 1727 920 1768 (fr.
948 1724 1026 1763 112
1048 1723 1178 1770 Kink.)
1201 1735 1529 1762 commemorasse
1552 1722 1714 1761 videtur.

202 1789 310 1827 Haud
341 1789 459 1840 igitur
490 1790 632 1829 mirum
661 1791 693 1829 si
720 1792 895 1842 quamvis
918 1791 1068 1831 modice
1086 1790 1330 1829 Stesichorus
1351 1789 1580 1828 sententiam
1603 1800 1715 1827 suam

201 1863 510 1908 persequeretur,
544 1881 594 1886 —-
627 1859 672 1898 de
704 1872 780 1911 quo
817 1872 894 1899 non
932 1858 1024 1899 satis
1060 1863 1212 1898 constat
1242 1881 1307 1904 —,
1347 1869 1436 1896 mox
1474 1863 1601 1896 tamen
1639 1856 1717 1896 cla-

201 1937 328 1963 mores
368 1926 624 1977 erumpebant
662 1927 702 1965 in
742 1933 892 1978 poetam
935 1933 1085 1965 tantum
1128 1928 1235 1964 nefas
1274 1925 1560 1964 admittentem.
1619 1924 1717 1963 Nam

201 1992 304 2042 quod
350 1992 442 2031 item
490 1993 648 2045 cogitari
689 1994 825 2046 possit,
871 1994 1050 2034 homines
1096 1992 1331 2046 posteriores
1376 1992 1458 2032 solo
1503 1992 1718 2043 palinodiae

201 2066 359 2111 aspectu
397 2061 622 2100 insolitioris
661 2062 844 2100 carminis
884 2063 1070 2100 adductos
1111 2061 1278 2099 fabulam
1310 2060 1355 2098 ad
1387 2059 1613 2111 Thamyrae,
1644 2059 1719 2097 De-

202 2126 364 2173 modoci,
396 2127 555 2167 Homeri
584 2129 757 2180 exempla
794 2129 952 2168 finxisse
983 2129 1029 2167 de
1058 2128 1161 2167 illius
1191 2127 1467 2173 occaecatione,
1498 2128 1536 2166 id
1567 2140 1612 2166 eo
1644 2128 1718 2167 rni-

201 2206 275 2232 nus
306 2194 513 2234 verisimile
543 2203 613 2243 est,
645 2197 677 2235 si
705 2202 874 2248 reputas,
907 2203 1014 2235 sexto
1037 2196 1202 2241 saeculo,
1234 2207 1322 2235 cum
1345 2194 1561 2234 carminum
1584 2200 1720 2234 aucto-

201 2261 295 2301 ritas
325 2264 501 2303 nondum
531 2264 734 2316 religiones
760 2272 982 2318 superasset
1002 2277 1169 2316 cumque
1192 2264 1307 2304 etiam
1331 2270 1389 2304 tot
1411 2263 1574 2303 heroum
1598 2263 1719 2303 divini

202 2329 368 2370 honores
399 2333 593 2380 florerent,
625 2346 741 2384 quam
765 2334 871 2372 facile
901 2333 1107 2372 hominum
1138 2339 1177 2372 et
1207 2332 1372 2372 maxime
1399 2333 1562 2370 fortasse
1592 2344 1721 2370 sacer-

202 2396 335 2436 dotum
359 2400 549 2440 stomachi
570 2400 716 2440 moveri
740 2400 950 2453 potuerint,
970 2401 1074 2453 quod
1099 2400 1317 2453 periculum
1336 2413 1385 2439 ne
1402 2398 1720 2450 religiosissimus

203 2465 357 2515 quidem
381 2475 506 2517 poeta,
537 2468 742 2515 Pindarus,
774 2468 940 2508 evitavit.
1000 2468 1157 2507 Pindari
1177 2468 1282 2507 enim
1305 2467 1525 2518 exemplum
1548 2469 1722 2518 profecto

203 2533 480 2573 conferendum
522 2541 581 2575 est
619 2548 708 2575 cum
742 2536 976 2583 Stesichoro‚
1015 2535 1083 2574 sed
1120 2547 1200 2574 non
1239 2541 1317 2574 tani
1355 2534 1417 2574 illa
1447 2547 1468 2573 a
1499 2533 1722 2586 Lehrsio²⁴)

204 2600 350 2650 prolata
371 2602 450 2653 (01.
472 2603 524 2641 IX
546 2603 610 2643 35.
644 2605 658 2643 Ι
680 2604 765 2655 29),
788 2605 872 2652 (ubi
892 2604 1037 2643 offensa
1059 2603 1247 2654 quaedam
1271 2603 1480 2655 impiarum
1503 2603 1720 2642 fabularum

202 2673 372 2717 notatur,
405 2670 509 2710 nulla
540 2677 671 2712 tamen
703 2672 914 2713 recantatio
945 2673 1033 2721 est),
1065 2684 1182 2723 quam
1213 2671 1343 2723 potius
1374 2672 1478 2723 quod
1501 2672 1599 2723 fugit
1620 2671 1721 2711 viros

204 2736 338 2776 doctos
367 2738 462 2777 illud
483 2741 530 2779 de
551 2741 805 2793 Neoptolemi,
833 2753 949 2793 quem
972 2752 1061 2779 cum
1085 2739 1213 2779 verbis
1234 2740 1427 2779 indecoris
1448 2739 1721 2791 perstrinxisse

320 2830 377 2870 ²³²)
403 2828 680 2875 νυμφόκλαυτος
698 2827 844 2877 Ἐρινύς.
893 2832 935 2864 cf.
961 2832 1042 2864 Eur.
1068 2831 1126 2863 Or.
1154 2831 1251 2864 1359.

318 2883 358 2922 ²⁴)
385 2882 498 2925 Popul.
526 2883 622 2917 Aufs.
648 2895 679 2928 p.
704 2886 757 2918 28.

1492 2941 1511 2973 ΙΨ
