1937 3315
802 168 1092 208 „25-

188 286 291 326 enim
338 286 384 327 de
429 285 636 339 Iphigenia.
708 285 755 325 Et
793 297 918 332 causa,
962 297 1032 324 cur
1072 284 1177 336 virgo
1218 284 1452 323 immolanda
1493 283 1620 330 suerit,
1661 283 1700 322 in

190 355 337 407 Cypriis
374 355 449 395 fuit
488 353 668 406 superbia
697 353 999 405 Agamemnonis
1035 365 1124 393 cum
1155 352 1275 392 Diana
1311 351 1350 390 in
1386 358 1467 391 arte
1506 351 1701 392 venatoria

187 424 389 471 certantis3
436 435 535 474 quae
572 422 741 461 narratio
778 428 821 461 ut
859 421 1175 461 Wilamowitzius
1215 426 1350 460 monet
1390 420 1540 471 (Herm.
1568 420 1700 466 XVIII,

186 505 223 543 p.
245 491 342 539 250)
374 490 531 530 Orionis
567 496 606 529 et
636 489 836 529 Actaeonis
867 489 1006 528 fabulis
1038 489 1186 535 similis,
1217 494 1411 540 quatenus
1442 489 1488 527 ad
1519 488 1698 527 Aulidem

187 565 346 610 spectat,
379 556 568 597 Boeoticis
599 556 674 596 illis
705 556 852 608 origine
882 569 1036 608 quoque
1066 557 1192 595 affinis
1222 562 1292 595 est.
1356 554 1458 594 Satis
1489 555 1700 594 obscurum

186 628 225 666 in
256 626 431 677 Aeschyli
462 625 677 677 tragoediae
707 631 778 668 est,
820 638 920 676 quae
956 631 995 664 et
1032 624 1143 664 cuius
1181 637 1280 663 noxa
1317 625 1453 671 fuerit,
1485 637 1584 675 quae
1622 630 1700 663 tam

186 693 331 733 crudeli
375 693 560 732 sacrificio
604 692 791 744 expianda
840 698 955 732 esset.
1030 691 1127 731 Nam
1173 692 1387 731 venationis
1433 692 1540 731 nullo
1584 691 1701 730 verbo

188 761 333 802 mentio
363 762 423 810 fit3
453 767 568 813 atque
599 761 723 814 τέρας
753 760 847 800 illud
868 760 1083 812 aquilarum
1116 760 1282 800 duarum
1313 761 1482 813 leporem
1514 759 1701 800 feminam

190 829 468 881 diripientium,
499 841 575 881 quo
603 828 658 866 ira
679 828 820 867 Dianae
842 828 1099 880 portenditur,
1131 828 1177 867 de
1199 839 1312 867 causa
1343 827 1425 879 ipsa
1447 828 1543 867 nihil
1563 828 1701 867 docere

187 898 358 944 videtur;
388 898 425 935 id
447 897 605 948 quidem
626 897 753 947 primo
775 903 945 947 aspectu.
991 897 1137 935 Tamen
1158 896 1241 934 fieri
1272 908 1350 934 non
1372 902 1500 946 potest
1518 896 1610 946 quin
1631 895 1702 933 ali-

188 964 292 1016 quod
314 964 497 1004 indicium
519 963 633 1011 insit3
655 975 780 1015 neque
802 963 835 1003 si
856 969 982 1004 totum
1003 969 1227 1016 portentum
1250 968 1396 1003 temere
1417 963 1493 1002 huc
1512 962 1701 1003 insertum

188 1045 270 1071 esse
296 1039 428 1071 censet
458 1032 515 1070 vir
544 1031 793 1070 doctissimus
806 1031 870 1082 ⁸¹),
901 1032 1080 1071 assentiri
1109 1031 1247 1070 ausim.
1292 1031 1389 1070 Nam
1410 1032 1498 1082 quis
1527 1031 1702 1082 gentium

188 1106 298 1140 curat
327 1100 454 1140 avium
486 1099 651 1151 negotia,
680 1099 870 1152 lepusculi
899 1102 1037 1146 fatum,
1070 1099 1229 1139 Dianam
1269 1099 1305 1140 id
1343 1112 1456 1151 aegre
1496 1101 1700 1147 ferentem,

189 1167 265 1206 nisi
281 1173 320 1206 et
340 1167 421 1219 ipsa
442 1168 489 1206 ad
504 1180 587 1206 rem
605 1166 833 1219 pertinent?
854 1181 944 1207 cum
966 1168 1193 1221 praesertim
1216 1168 1485 1207 tantummodo
1508 1163 1704 1220 ξύμβολα

188 1247 231 1274 ea
262 1248 346 1275 esse
377 1241 415 1275 et
445 1248 490 1274 ex
521 1248 635 1275 versu
670 1235 748 1276 136
780 1236 956 1288 quamvis
987 1242 1170 1289 corrupto
1200 1236 1348 1276 eluceat
1378 1242 1417 1275 et
1447 1236 1702 1287 sequentibus

188 1303 315 1342 verbis
347 1304 572 1342 doceamur:
605 1302 728 1350 δεξιὰ
758 1303 837 1356 μὲν
864 1303 1131 1358 κατάμομφα
1162 1303 1210 1343 δὲ
1241 1301 1462 1356 φάσματα.
1514 1303 1585 1343 Cui
1616 1309 1703 1342 tan-

188 1370 274 1410 dem
298 1368 433 1417 δεξιά,
461 1371 523 1411 cui
545 1369 845 1424 κατάμομφαῗ
873 1385 1013 1424 nempe
1034 1372 1172 1424 aquilis
1194 1372 1356 1419 duabus,
1379 1370 1542 1411 Atridis!
1588 1371 1701 1418 Quid,

186 1438 322 1486 istane,
353 1438 427 1478 nisi
448 1439 540 1491 quid
572 1438 724 1491 gravius
755 1440 946 1488 subesset,
976 1445 1275 1493 persequeretur
1301 1445 1414 1492 poeta
1445 1439 1485 1478 iu
1516 1439 1702 1491 primario

190 1508 263 1546 hoc
298 1508 512 1559 tragoediae
552 1514 590 1547 et
627 1508 852 1559 gravissimo
889 1513 1025 1555 cantu,
1063 1521 1140 1560 quo
1177 1514 1375 1560 tamquam
1414 1508 1702 1548 immortalibus

190 1576 344 1616 chordis
375 1582 530 1628 pectora
568 1582 700 1616 nostra
740 1588 965 1628 repercussa
1005 1574 1227 1615 sentimus?
1284 1575 1421 1615 Nonne
1452 1576 1584 1616 divina
1622 1583 1704 1617 arte

189 1644 333 1683 abusus
364 1657 449 1683 esse
480 1650 518 1683 et
548 1646 627 1683 fere
657 1644 795 1684 lusisse
825 1641 1049 1683 videretur?
1083 1643 1211 1682 Immo
1240 1643 1302 1683 illa
1333 1644 1558 1684 manifesta:
1590 1644 1703 1684 irasci

190 1713 299 1752 deam
337 1711 498 1760 Atridis,
544 1712 772 1752 sacrificium
812 1712 981 1764 flagitare
1018 1724 1089 1764 pro
1127 1712 1402 1752 communibus
1447 1713 1608 1765 dapibus
1645 1714 1703 1753 vel

189 1779 364 1818 fruendis
403 1780 461 1818 vel
497 1780 572 1819 iam
615 1780 818 1832 perceptis.
882 1780 931 1819 Et
974 1780 1150 1819 fruendis
1187 1779 1342 1831 quidem
1388 1780 1550 1832 dapibus
1589 1781 1703 1820 Troia

190 1846 396 1899 significari
417 1847 541 1899 possit
563 1851 699 1899 (quare
719 1847 862 1888 femina
883 1848 992 1900 lepus
1013 1847 1075 1887 ille
1097 1847 1274 1899 dicitur);
1305 1848 1370 1888 sed
1393 1848 1554 1888 forsitan
1586 1849 1704 1888 simul

190 1915 293 1954 aliud
324 1914 363 1953 in
395 1921 524 1954 mente
556 1915 695 1955 habeat
723 1915 829 1955 hisce
861 1914 1053 1955 versibus:

234 1983 330 2022 οἷον
360 1979 419 2036 μή
448 1997 514 2029 τις
545 1980 629 2032 ἄγα
659 1980 829 2023 θεόθεν
859 1981 1052 2036 κνεφάσῃ
1086 1982 1309 2037 προτυπὲν
1340 1979 1520 2037 στόμιον
1549 1986 1661 2038 μέγα

1345 2054 1505 2104 Τροίας

232 2122 257 2164 †
278 2118 544 2171 στρατωθέν.
578 2118 701 2172 οἴκῳ
734 2117 815 2172 γὰρ
846 2117 1099 2172 ἐπίφθονος
1127 2116 1322 2171 Ἄρτεμις
1353 2115 1462 2169 ,ἁγνὰ

232 2191 468 2225 πτανοῖσιν
498 2186 596 2225 κυσὶ
629 2184 802 2237 πατρός.

191 2254 339 2294 Invidet
369 2277 421 2282 -
459 2267 575 2305 quam
608 2268 740 2294 vocem
778 2255 976 2295 adversam
1016 2254 1145 2294 statim
1184 2255 1342 2307 corrigit
1376 2269 1499 2308 augur
1529 2258 1705 2309 apposita

190 2319 303 2371 ἁγνὰ
345 2345 417 2369 -—,
462 2322 608 2362 invidet
644 2322 762 2362 Diana
808 2322 959 2369 domui,
1005 2322 1142 2374 aquilis
1186 2322 1284 2362 istis.
1353 2323 1491 2364 Nescio
1536 2325 1627 2376 quid
1665 2326 1704 2365 in

190 2390 251 2429 his
287 2390 463 2429 laborent
491 2390 736 2442 interpretes.
801 2392 917 2444 Οἵκῳ
957 2390 1084 2437 enim,
1125 2404 1224 2441 quae
1254 2404 1328 2431 vox
1359 2392 1550 2444 excipitur
1589 2400 1706 2445 atque

191 2457 403 2509 explicatur
424 2457 550 2497 verbis
571 2472 697 2498 πταν.
720 2458 836 2507 κυσὶ,
870 2464 947 2497 tam
980 2459 1184 2498 manifeste
1216 2459 1428 2512 opponitur
1448 2460 1504 2500 rei
1534 2461 1704 2511 militari,

303 2582 347 2623 81)
373 2580 616 2614 Wilamowitz.
650 2581 756 2615 Herm.
783 2580 904 2623 XVIII,
936 2581 1017 2614 253:
1042 2581 1123 2624 ‚Das
1148 2581 1392 2624 Vogelzeiohcn
1419 2583 1608 2618 verkiindet
1632 2584 1704 2618 dem

192 2639 298 2672 Seher
322 2650 396 2679 nur,
429 2639 505 2671 dass
531 2639 585 2672 die
610 2638 728 2672 Giittin
754 2640 863 2673 ziirnt.
911 2639 1007 2672 Zwei
1032 2639 1139 2672 Adler
1164 2640 1239 2672 eine
1264 2641 1368 2673 H’zisiu
1394 2644 1634 2676 zersseischend
1661 2645 1707 2677 ist

193 2696 244 2727 als
279 2695 447 2727 Miinzbild
478 2706 507 2726 z.
530 2697 564 2727 B.
598 2706 662 2727 von
695 2696 848 2736 Akragas
881 2696 1041 2735 bekannt3
1073 2706 1110 2727 es
1141 2706 1213 2728 war
1244 2697 1392 2730 offenbar
1419 2700 1472 2731 eiu
1504 2701 1706 2733 besonderes

192 2751 304 2795 τέρας,
330 2752 392 2785 und
419 2752 466 2786 ist
490 2762 555 2785 von
579 2752 767 2797 Aeschylos
793 2753 852 2786 mit
876 2753 1030 2786 hiichster
1052 2751 1222 2795 Wirkung
1248 2753 1538 2799 hierhergeriickt,
1564 2757 1644 2791 aber
1670 2768 1705 2790 es

193 2808 238 2839 ist
272 2809 326 2840 fiir
358 2810 410 2841 die
435 2810 520 2850 Sage
551 2811 634 2841 ohne
660 2811 807 2850 Belang.‘
855 2812 939 2842 Sane
971 2812 1085 2853 mytho
1113 2820 1174 2840 non
1205 2811 1412 2853 desumptum
1438 2818 1505 2853 est,
1537 2819 1645 2845 tamen
1673 2814 1705 2845 in

193 2861 304 2896 sabula
331 2865 518 2909 Aeschylea
545 2876 605 2897 non
634 2870 744 2908 potest
771 2866 896 2898 nullius
922 2867 1079 2899 momenti
1104 2876 1190 2899 csse.
