1937 3315
885 147 1177 188 -75-

543 263 578 306 ὦ
609 271 695 305 παῖ
726 262 898 318 Διώνης
929 262 985 313 ὠς
1016 263 1120 319 ἔφυς
1150 265 1283 318 μέγας
1315 262 1436 312 θεός,

541 331 744 382 Διόνυσε,
777 334 958 387 θνητοῖς
988 332 1026 373 τ’
1058 329 1257 386 οὐδαμῶς
1289 329 1544 380 ὑπόστατος.

276 406 389 444 Certe
419 404 465 443 ad
497 402 558 441 dei
590 402 870 454 apparitionem
902 413 1036 441 omnes
1078 402 1280 452 hucusque
1310 401 1560 440 rettulerunt.
1619 402 1665 440 At
1699 399 1781 439 vide

275 487 325 514 ne
353 473 510 513 fallaris.
558 471 698 511 Nonne
718 471 924 511 Thebanus
951 470 1065 523 aliqui
1098 470 1183 511 data
1214 470 1414 510 occasione
1436 493 1490 498 —
1520 469 1567 508 de
1598 482 1673 521 qua
1694 481 1785 508 mox

276 542 397 581 dicam
415 564 468 567 —
485 540 658 580 animum
681 552 858 591 pressum
881 540 1010 578 levans
1031 538 1134 579 hisce
1153 537 1279 578 verbis
1302 544 1450 590 poterat
1472 538 1589 577 deum
1613 538 1783 590 patrium

274 605 511 660 imprecari?
554 609 607 648 Ac
636 621 686 648 ne
716 606 829 647 verba
862 607 1018 659 quidem
1050 607 1131 660 ipsa
1155 630 1207 636 ——
1229 619 1276 647 an
1308 607 1419 648 fallor
1448 606 1591 647 iudicio
1621 618 1783 659 praeoc-

275 674 446 730 cupato?
489 699 543 706 ——-
586 688 674 716 eum
720 675 889 716 colorem
929 687 1022 728 prae
1060 688 1101 715 se
1138 676 1290 722 ferunt,
1332 681 1370 715 ut
1410 687 1595 728 praesens
1636 685 1783 714 numen

275 746 497 799 compellari
529 745 713 785 videatur.
763 745 813 785 Ut
844 744 947 784 enim
981 744 1157 784 laudibus
1188 744 1361 785 Bacchus
1394 745 1563 790 effertur,
1594 744 1645 784 ita
1679 742 1783 783 desi-

276 815 369 854 dero
402 814 671 854 verecundiam
705 814 807 853 illam
838 819 876 853 et
906 813 1009 865 piam
1042 814 1238 866 quandam
1270 814 1564 854 haesitationem
1597 826 1673 865 qua
1704 813 1780 853 hu-

276 894 411 921 manae
449 893 639 934 personae
684 882 723 920 in
770 881 990 920 huiusmodi
1038 882 1166 920 scenis
1213 883 1422 930 excellen13
1466 883 1675 933 praecipue
1720 882 1783 919 illa

276 951 457 1004 θνητοῖς
487 949 526 990 τ’
560 946 759 1002 οὖδαμῶς
792 942 1037 997 ὑπόστατος
1075 949 1216 991 iniuria
1248 950 1385 1003 aliquis
1415 963 1625 1004 oppressus
1657 950 1782 990 effun-

275 1019 365 1058 dere
394 1024 558 1070 poterat,
590 1024 627 1058 at
658 1029 785 1057 coram
817 1018 900 1070 ipso
921 1018 1081 1057 numine
1112 1019 1213 1058 haud
1243 1019 1294 1058 ita
1324 1020 1504 1070 placent;
1536 1019 1653 1058 modo
1683 1030 1782 1056 con-

274 1087 376 1128 feras
399 1091 526 1127 cetera
547 1086 662 1126 huius
685 1086 838 1138 generis
870 1085 1054 1139 episodia.
1099 1086 1218 1139 Magis
1250 1094 1379 1127 tamen
1402 1100 1519 1140 quam
1540 1088 1613 1128 hac
1632 1087 1784 1127 ratione

275 1161 411 1208 utpote
431 1155 630 1194 subtiliore
651 1167 946 1195 commovemur
966 1168 1022 1205 ea,
1045 1156 1147 1207 quod
1171 1157 1264 1208 quid
1286 1158 1332 1196 ad
1352 1157 1547 1197 Bacchum
1569 1168 1655 1196 sors
1669 1155 1783 1195 Anti-

274 1237 396 1276 gonae
417 1224 475 1263 vel
497 1223 658 1263 omnino
681 1224 822 1264 domus
844 1224 1085 1276 Oedipodeae
1105 1225 1348 1276 pertinuerit,
1370 1225 1477 1265 nullo
1500 1225 1618 1265 modo
1640 1223 1784 1264 intelli-

278 1293 396 1344 gitur.
441 1292 633 1332 Nimirum
665 1292 808 1332 festum
842 1293 974 1332 nescio
1004 1293 1106 1344 quod
1130 1294 1268 1334 Bacchi
1289 1295 1567 1347 praetendunt,
1599 1306 1673 1333 nec
1704 1304 1784 1332 non

277 1360 509 1399 Phoenissas
540 1366 779 1411 comparant,
814 1360 880 1399 ubi
910 1360 983 1399 sub
1015 1361 1131 1399 finem
1162 1361 1347 1401 Bacchica
1378 1364 1654 1403 Thebanorum
1687 1362 1782 1399 festa

277 1435 652 1474 commemorantum
673 1433 712 1469 at
728 1441 845 1481 quam
863 1427 988 1468 debile
1005 1435 1291 1479 argumentum.
1323 1431 1478 1478 Quanto
1496 1428 1635 1469 melius
1652 1428 1691 1467 in
1711 1428 1783 1467 hoc

276 1497 449 1535 dramate
480 1496 633 1535 Herculi
674 1498 913 1536 conveniunt
943 1497 1094 1536 divinae
1125 1504 1275 1547 partes,
1317 1500 1461 1550 quippe
1499 1499 1560 1537 cui
1604 1496 1683 1535 ludi
1726 1497 1783 1542 (in

277 1564 418 1616 quibus
458 1563 599 1604 vicerat
636 1563 792 1611 Maeon)
830 1564 973 1604 Thebis
1010 1564 1319 1614 celebrarentur3
1358 1571 1467 1605 erant
1498 1564 1681 1605 Heraclea
1712 1576 1780 1603 seu

275 1632 404 1678 Iolaia,
436 1639 518 1671 erat
547 1638 747 1684 praeterea
778 1645 877 1683 agon
909 1633 995 1673 tiliis
1026 1639 1199 1673 sacratus
1242 1633 1288 1672 ab
1321 1633 1483 1673 Hercule
1515 1646 1604 1673 cum
1627 1632 1777 1684 Megara

274 1700 499 1752 procreatis.
561 1701 659 1749 Quid
690 1701 807 1751 igitur
837 1700 974 1741 Bacchi
1012 1701 1377 1741 commemorationi
1419 1698 1635 1741 faciamus?
1692 1700 1781 1740 Non

275 1769 454 1808 audacius
477 1768 569 1807 mihi
599 1781 712 1819 agere
735 1770 876 1815 videor,
907 1769 940 1808 si
963 1782 1096 1808 versus
1116 1770 1214 1808 istos
1244 1770 1284 1808 in
1318 1782 1403 1809 eam
1426 1770 1661 1821 tragoediam
1683 1770 1779 1808 item

275 1836 500 1877 Thebanam
523 1837 666 1889 relego,
697 1851 794 1890 quae
815 1843 852 1877 et
882 1849 1022 1889 magna
1044 1850 1089 1877 ex
1120 1843 1228 1889 parte
1260 1837 1298 1876 in
1322 1837 1456 1877 Bacchi
1478 1838 1579 1877 festo
1603 1843 1781 1877 versatur

275 1912 312 1944 et
331 1906 373 1944 in
395 1905 575 1944 lemmate
606 1906 692 1957 plus
715 1919 792 1945 uno
822 1918 910 1945 cum
933 1906 1124 1957 Antigona
1148 1912 1420 1952 commutatur,
1442 1907 1650 1957 Antiopam
1682 1906 1779 1946 dico.

275 1974 356 2015 Etsi
391 1987 440 2014 ne
475 1974 551 2014 illic
587 1974 744 2026 quidem
775 1974 948 2014 Bacchus
987 1974 1211 2026 apparuisse
1242 1980 1391 2026 potest,
1431 1974 1500 2014 sed
1538 1987 1558 2014 a
1588 1974 1781 2014 Mercurio

274 2043 403 2095 potius
434 2054 516 2082 rem
549 2043 678 2094 peragi
708 2047 879 2088 constat,
911 2049 1039 2081 tamen
1070 2043 1240 2094 perbene
1275 2055 1347 2082 usu
1381 2043 1513 2082 venire
1543 2047 1705 2094 poterat,
1739 2050 1781 2081 ut

272 2111 335 2150 illo
367 2111 482 2151 modo
513 2111 755 2151 invocaretur
776 2111 1006 2151 Thebanum
1039 2123 1185 2151 numen
1205 2110 1323 2162 idque
1344 2111 1384 2151 ni
1415 2111 1526 2151 fallor
1546 2111 1593 2151 ab
1613 2110 1779 2163 Antiopa

274 2179 441 2220 multum
464 2184 609 2228 vexata,
641 2191 728 2220 cum
752 2179 861 2219 Dirce
890 2179 1145 2220 iniustissima
1168 2179 1323 2219 domina
1347 2186 1385 2220 et
1418 2186 1494 2219 tota
1525 2191 1620 2230 gens
1643 2179 1780 2219 Bacchi

274 2248 376 2300 orgia
406 2248 618 2288 laetissima
650 2248 872 2288 celebraret.
919 2248 1019 2296 Quid
1050 2248 1081 2287 si
1114 2261 1203 2288 vero
1233 2249 1329 2289 deus
1359 2250 1478 2296 adest,
1509 2249 1655 2289 scilicet
1676 2249 1773 2300 [igu-

274 2323 391 2362 ratus,
422 2317 565 2369 quippe
596 2317 705 2357 cuius
734 2317 986 2357 simulacrum
1018 2318 1059 2357 in
1089 2329 1203 2357 scena
1226 2318 1280 2356 vel
1311 2318 1351 2357 in
1383 2318 1500 2358 domo
1531 2316 1780 2359 cerneretur!

273 2387 319 2423 fr.
343 2385 445 2424 202:

594 2451 720 2493 ἔνδον
750 2452 799 2493 δέ
828 2451 1053 2506 θαλάμοις
1083 2451 1297 2506 βουκόλον
1320 2484 1463 2494 .....

595 2521 793 2574 κομῶντα
824 2520 962 2575 κισσῷ
993 2519 1150 2561 στῦλον
1181 2519 1300 2561 εὐίου
1331 2522 1458 2571 θεοῦ,

273 2601 372 2641 quae
402 2589 513 2629 verba
544 2590 577 2628 si
607 2590 737 2629 animo
769 2590 869 2629 bene
901 2589 1168 2641 perpenderis,
1199 2601 1281 2629 non
1312 2591 1420 2630 aliter
1450 2604 1566 2642 quani
1597 2592 1783 2631 cernendi

273 2657 388 2698 verbo
410 2658 467 2697 vel
496 2658 711 2710 praemisso
745 2658 801 2697 vel
831 2658 990 2698 lacunae
1020 2658 1166 2698 inserto
1197 2659 1419 2711 accipienda
1452 2673 1539 2700 esse
1568 2660 1781 2713 intelleges.

273 2727 312 2764 ld
335 2738 493 2777 quoque
516 2727 711 2765 sermonis
741 2726 999 2765 conformatio
1031 2727 1212 2777 postulat,
1246 2734 1288 2766 ut
1319 2728 1400 2778 ipse
1423 2729 1489 2778 qui
1510 2729 1611 2767 videt
1641 2729 1781 2767 viditve

273 2794 471 2850 loquatur.
517 2796 565 2835 At
585 2807 675 2836 vero
705 2794 781 2835 iam
802 2794 896 2835 vidit
926 2792 1022 2835 ille?
1053 2794 1144 2849 quid
1175 2795 1216 2835 in
1247 2795 1322 2836 isto
1352 2795 1441 2837 festi
1472 2795 1633 2849 agrestis
1664 2808 1782 2850 appa-

274 2863 352 2903 ritu
372 2870 449 2903 tam
472 2876 615 2904 novum
634 2870 701 2904 aut
721 2864 969 2904 memorabile
990 2869 1062 2912 est,
1086 2871 1127 2904 ut
1148 2864 1207 2903 his
1229 2872 1495 2906 commoretur
1510 2865 1782 2919 spectatores?
