1937 3315
861 147 1147 188 —43—

260 279 416 306 uxorem
439 267 544 307 ducit
575 266 658 314 (Or.
679 266 816 318 1654),
846 265 1004 306 Athenis
1034 265 1292 318 pervixerint!
1351 265 1446 305 Nam
1477 264 1550 305 etsi
1571 263 1609 304 in
1632 263 1753 316 Odys-

258 347 319 374 sea
351 335 507 375 Orestes
551 347 596 374 ex
632 334 753 374 Attica
792 334 920 374 venire
957 333 1116 381 dicitur,
1156 339 1285 373 tamen
1330 333 1362 372 si
1399 332 1436 371 id
1472 333 1591 373 voluit
1628 337 1752 385 poeta,

258 402 414 443 Homeri
445 403 537 443 satis
569 415 759 455 superque
789 402 885 442 ratio
915 402 1136 450 habebatur,
1177 414 1264 442 cum
1296 401 1335 441 in
1368 401 1549 441 indicium
1582 401 1752 441 Atticum

257 470 317 511 ille
340 485 380 512 se
400 471 606 512 contulisse
628 471 834 511 dicebatur.
880 470 1076 524 Explicare
1097 470 1285 511 infelicem
1309 469 1651 511 commutationem
1674 481 1751 509 non

256 553 414 592 possum
446 540 521 580 nisi
559 542 658 579 forte
693 539 795 587 inde,
839 540 941 591 quod
980 539 1095 579 etiam
1137 539 1333 579 Arcadiam
1366 545 1503 579 nactus
1539 539 1696 578 Orestes
1731 550 1752 576 a

257 607 383 649 Furiis
420 608 548 649 vexari
586 607 796 657 dicebatur,
834 608 936 661 quod
977 613 1066 662 post
1104 609 1245 649 factum
1289 607 1473 648 iudicium
1516 605 1755 661 displicuerit

257 677 441 729 Euripidi.
501 677 612 716 Certe
650 676 745 715 nulli
776 677 1004 716 dubitationi
1044 676 1251 716 obnoxium
1284 683 1363 722 est,
1401 676 1495 727 quin
1526 675 1566 714 in
1606 675 1754 713 Electra

259 744 425 784 fabulam
458 743 789 797 Peloponnesiam‚
820 744 1089 797 undecumque
1120 743 1265 793 hausit,
1296 744 1508 797 simplicius
1537 749 1577 783 et
1611 741 1754 782 rectius

258 812 462 853 rettulerit.
520 812 652 852 Refert
681 825 763 852 eam
795 812 946 853 duobus
976 813 1151 853 versibus
1188 818 1276 852 ante
1314 812 1479 852 Helenae
1520 824 1659 852 novam
1697 813 1754 850 fa-

257 881 398 929 hulam‚
417 881 637 923 Stesichoro
654 881 834 930 debitam,
851 882 962 922 cuius
979 881 1136 934 vestigia
1153 887 1197 922 ut
1211 894 1345 928 recens
1361 881 1517 935 perlecti
1533 881 1573 921 in
1592 887 1668 921 tota
1684 880 1755 920 hac

256 950 382 990 sabula
413 950 523 990 nobis
561 963 643 990 sese
674 950 942 990 obtruderunt.
1002 950 1061 998 Et,
1092 955 1199 1004 puto,
1239 950 1339 990 hanc
1368 950 1534 990 fabulam
1573 961 1651 989 non
1692 948 1756 988 alii

259 1019 356 1059 fonti
387 1019 527 1067 deberi,
564 1021 641 1059 fere
671 1025 972 1059 consentaneum
1002 1025 1074 1059 est.
1132 1019 1275 1059 Tamen
1320 1019 1545 1073 priusquam
1589 1017 1626 1058 id
1671 1029 1756 1057 am-

256 1087 481 1138 plectamur,
528 1087 751 1139 scrupulum
790 1087 983 1138 quoddam
1028 1087 1217 1126 removeri
1270 1092 1432 1140 oportet.
1513 1086 1756 1126 Stesichorus

257 1154 359 1194 enim
393 1154 423 1194 si
456 1154 698 1194 scholiastam
721 1154 880 1194 Orestae
900 1168 934 1194 v.
957 1155 1009 1195 46
1040 1155 1230 1203 audimus,
1261 1154 1560 1207 Agamemnonis
1591 1166 1755 1206 regnum

259 1222 416 1274 Spartae
432 1235 516 1262 esse
533 1222 699 1268 dixerat3
729 1223 830 1274 quod
854 1222 898 1269 si,
921 1228 1060 1262 utnon
1084 1223 1351 1270 dubitandum,
1382 1229 1485 1263 recte
1506 1236 1547 1262 se
1567 1221 1754 1270 habet⁵⁶)‚

258 1303 387 1330 nonne
419 1291 575 1330 Orestes
604 1290 645 1330 in
675 1290 747 1330 ista
779 1290 904 1330 fabula
926 1291 1059 1343 procul
1088 1291 1280 1332 habitaret
1308 1305 1328 1331 a
1350 1291 1473 1345 patria
1493 1288 1613 1331 sede?
1645 1291 1755 1337 Sane,

260 1359 325 1398 sed
356 1371 419 1398 res
449 1371 489 1398 se
520 1358 663 1411 optime
693 1359 898 1411 explanare
920 1360 1082 1400 videtur.
1144 1359 1245 1407 Quid
1265 1360 1381 1405 enim,
1413 1360 1514 1412 apud
1534 1358 1756 1411 Euripidem

255 1427 403 1479 piaculo
435 1428 498 1467 illo
529 1427 685 1467 Orestes
715 1428 809 1468 adeo
840 1429 1053 1468 maculatus
1084 1434 1153 1476 est,
1193 1435 1237 1469 ut
1273 1428 1449 1468 homines
1479 1427 1756 1468 commercium

256 1495 338 1534 eius
368 1495 527 1546 fugiant,
559 1496 825 1546 contagionem
856 1495 1049 1547 etiamque
1081 1497 1412 1549 compellationem
1446 1501 1624 1542 caveant3
1655 1495 1757 1546 quod

256 1576 343 1603 cum
376 1563 582 1615 Aeschylus
613 1563 736 1603 obiter
758 1564 917 1615 attingat
948 1564 1040 1604 Cho.
1063 1564 1155 1609 283,
1186 1564 1389 1616 Euripides
1410 1565 1562 1617 planius
1591 1571 1630 1605 et
1650 1571 1754 1604 certo

256 1637 411 1671 auctore
432 1631 541 1670 nisus
562 1631 737 1670 exhibet:
769 1631 825 1669 El.
850 1631 969 1670 1194.
993 1631 1058 1670 Or.
1082 1631 1144 1671 46.
1172 1633 1236 1671 75.
1262 1632 1380 1671 1605.
1402 1633 1482 1684 Iph.
1505 1633 1548 1671 T.
1571 1633 1647 1672 951
1665 1632 1753 1679 ⁵⁶¹¹);

257 1699 295 1737 in
328 1699 511 1739 iudicium
544 1705 700 1738 vocatur
720 1711 740 1737 a
763 1699 976 1750 Tyndareo,
1008 1699 1144 1751 capitis
1175 1700 1391 1747 damnatur,
1428 1713 1474 1740 ex
1494 1701 1616 1752 patria
1645 1702 1755 1751 fuga-

258 1775 332 1814 tur,
369 1780 445 1819 quo
476 1766 587 1807 exilio
617 1779 665 1806 ne
696 1766 755 1807 dei
785 1767 940 1818 quidem
972 1773 1200 1820 apparentes
1232 1781 1320 1808 eum
1351 1767 1532 1808 liberant:
1570 1768 1683 1816 Quid,
1723 1768 1755 1808 si

257 1835 384 1874 omnia
414 1835 476 1873 illa
506 1835 544 1874 in
577 1835 797 1874 Stesichoro
826 1835 1004 1875 similiter
1031 1848 1071 1874 se
1099 1834 1333 1875 habuerint?
1376 1836 1586 1888 Aeschylus
1613 1836 1646 1875 is
1666 1836 1755 1887 qui-

257 1903 343 1942 dem
383 1902 543 1942 crimine
588 1903 763 1943 Orestem
800 1903 954 1943 liberari
998 1902 1111 1943 finxit
1147 1903 1245 1943 nihil
1282 1904 1328 1944 de
1365 1910 1518 1957 postera
1555 1904 1639 1944 eius
1679 1905 1755 1945 vita

257 1977 295 2011 et
324 1971 439 2011 domo
472 1978 666 2020 moratus3
697 1972 764 2011 sed
794 1972 940 2011 invenit
970 1972 1008 2012 id
1039 1972 1155 2012 certis
1185 1972 1311 2013 causis
1334 1979 1534 2025 permotus
1564 1973 1755 2013 alienissi-

258 2039 330 2080 mis
351 2053 371 2080 a
393 2040 631 2088 Stesichoro;
662 2053 733 2081 nec
753 2040 913 2080 omnino
940 2040 1081 2081 iudicio
1102 2041 1262 2081 deorum
1292 2041 1461 2093 (etiamsi
1482 2042 1609 2082 locum
1631 2042 1755 2095 aptio-

257 2122 338 2149 rem
377 2109 590 2161 habuisset)
630 2122 727 2161 opus
763 2116 845 2149 erat
874 2109 914 2149 in
952 2110 1015 2149 illo
1052 2110 1242 2157 carmine,
1283 2111 1446 2150 habebat
1483 2111 1585 2150 enim
1623 2124 1755 2151 arcum

259 2177 414 2216 Orestes
445 2177 492 2216 ab
522 2177 696 2229 Apolline
726 2183 923 2230 receptum
958 2180 1018 2226 (fr.
1042 2178 1094 2217 40
1120 2180 1167 2217 cf.
1200 2178 1289 2217 Eur.
1325 2179 1390 2218 Or.
1410 2178 1509 2231 268)
1550 2180 1596 2219 ad
1626 2193 1757 2220 remo-

258 2246 398 2285 vendas
429 2245 575 2285 Furias.
636 2245 765 2286 Possit
794 2253 923 2287 autem
944 2246 1147 2299 Euripides
1167 2246 1263 2286 nihil
1293 2254 1462 2287 mutasse
1483 2260 1598 2300 quam
1621 2261 1758 2288 scenae

259 2314 406 2359 locum,
443 2325 530 2351 cum
572 2325 650 2352 non
680 2314 754 2353 iam
788 2315 945 2366 Spartae
976 2321 1078 2354 esset
1107 2315 1247 2354 animis
1278 2316 1495 2366 aequalium
1527 2316 1628 2367 regia
1659 2317 1756 2367 Aga-

260 2381 491 2429 memnonis,
523 2382 590 2421 sed
619 2381 741 2434 Argis.
803 2383 960 2436 Spartae
981 2382 1239 2423 matricidium
1272 2383 1368 2431 fieri,
1397 2383 1450 2423 ihi
1478 2384 1672 2424 neminem
1697 2385 1758 2425 in-

261 2450 380 2488 veniri
420 2449 486 2501 qui
529 2455 676 2489 tantum
715 2451 862 2490 facinus
892 2452 1084 2503 expiaret,
1128 2451 1181 2489 ibi
1218 2464 1238 2489 a
1275 2452 1473 2503 Tyndareo
1518 2453 1706 2499 accusari,
1738 2467 1758 2492 a

260 2518 402 2571 populo
432 2518 691 2566 condemnari,
729 2520 818 2560 inde
849 2519 1036 2572 (Apolline
1067 2522 1229 2561 fortasse
1259 2520 1478 2570 adiuvante)
1515 2521 1554 2561 in
1592 2521 1757 2563 Parrha-

372 2644 412 2683 ⁶⁶)
426 2644 647 2677 Consentiunt
667 2645 866 2686 Simonides,
890 2646 1072 2686 Pindarus3
1095 2645 1136 2678 cf.
1158 2647 1278 2679 Herod.
1302 2646 1326 2688 1,
1346 2648 1399 2680 67.
1426 2658 1457 2680 v.
1471 2647 1565 2680 Duhn
1582 2650 1703 2682 Menel.
1722 2651 1758 2682 it.

262 2701 342 2743 Aeg.
371 2700 425 2734 VI.

355 2758 415 2800 ⁵⁸⁸)
439 2759 527 2792 Haec
556 2759 662 2801 igitur
691 2771 792 2793 causa
821 2758 926 2793 fuisse
957 2760 1091 2793 videtur
1114 2760 1228 2802 exilii,
1260 2772 1322 2793 non
1355 2762 1439 2804 quod
1465 2760 1615 2794 Stesicho
1640 2761 1762 2795 tribuit

264 2815 547 2848 Wilamowitzius
576 2826 605 2858 p.
631 2816 695 2848 224
726 2817 907 2859 praemium
938 2817 1023 2849 illud
1053 2816 1086 2847 in
1110 2815 1232 2849 Oreste
1262 2817 1459 2849 trucidando
1488 2817 1695 2860 propositum
1720 2819 1760 2850 ab

264 2872 424 2914 Aegistho
446 2872 510 2916 (El.
529 2873 595 2916 33),
621 2875 705 2917 quod
724 2884 782 2918 per
798 2885 831 2908 se
846 2885 972 2918 quoque
987 2883 1116 2907 scenam
1130 2874 1240 2919 potius
1254 2885 1348 2919 quam
1362 2875 1489 2919 epicum
1502 2885 1605 2920 genus
1616 2875 1759 2910 redolet.
