1937 3315
796 178 1086 220 -30-

179 294 351 344 delubris
373 300 454 334 erat
475 293 620 334 Niobae
642 294 877 346 sepulcrum,
899 294 1011 333 cuius
1032 294 1141 334 liberi
1162 295 1393 347 superstites
1415 300 1525 335 erant
1546 296 1701 337 Chloris

178 369 217 401 et
246 362 501 414 Amyclas³⁹¹¹)
543 362 672 411 (Paus.
704 362 738 400 11
769 362 835 409 21,
861 362 941 413 10).
1003 362 1073 401 Hic
1109 362 1225 414 igitur
1260 363 1369 403 locus
1406 375 1495 402 cum
1548 365 1701 415 mytho-

178 428 275 479 logia
294 429 483 480 Spartana
499 429 662 482 propius
684 430 864 469 cohaeret
887 442 1004 481 quam
1027 429 1172 469 Atticae
1195 430 1291 469 ullae
1312 430 1502 482 regiones.
1550 430 1638 470 Τοῦ
1655 429 1702 470 δὲ

178 493 298 548 ἱεροῦ
328 496 401 548 τῆς
418 496 664 551 Εἰληθυίας
695 499 833 551 πέραν
863 495 982 537 ἐστὶν
1000 494 1171 550 Ἑκάτης
1204 494 1318 544 ναός.
1379 497 1503 549 Digito
1525 503 1701 537 monstro

178 564 279 603 hanc
300 564 465 605 Hecatae
486 565 831 617 propinquitatem,
854 566 957 618 quod
980 566 1077 613 eius,
1100 564 1245 605 scilicet
1264 565 1484 618 Iphigeniae
1505 565 1639 617 religio
1660 565 1700 605 in

179 638 299 672 totam
339 634 583 685 peninsulam
624 634 852 673 orientalem
891 634 1126 680 dominatur,
1165 632 1230 672 ubi
1261 633 1400 672 Thesei
1430 646 1592 684 regnum
1624 638 1703 681 est,

177 712 267 738 nam
291 700 430 738 Thesei
460 700 587 740 fabula
619 701 802 740 adhaeret
832 702 994 741 delubro
1016 701 1069 740 illi
1091 700 1462 752 Helenae-Ilithyiae.
1522 700 1702 740 Fortasse

178 767 290 818 longa
328 767 397 806 tibi
434 767 494 807 via
524 767 701 807 videatur
729 768 777 807 ab
808 769 918 820 Argis
950 782 1073 820 usque
1103 768 1310 807 Troezena.
1371 768 1446 808 Sed
1477 768 1625 820 respice
1655 769 1701 808 ad

178 834 375 882 Aethram,
407 848 505 887 quae
535 836 636 888 apud
668 836 883 876 Homerum
916 837 976 888 (Γ
993 836 1090 886 144)
1120 835 1168 874 ab
1196 835 1338 874 Helena
1370 835 1526 875 servitio
1548 841 1703 875 tenetur

176 908 291 953 atque
336 904 375 942 in
406 903 588 956 Cypselae
630 917 716 944 arca
758 911 801 944 ut
837 917 944 944 serva
985 904 1032 943 ab
1064 904 1205 943 eadem
1247 903 1524 954 castigabatur3
1571 916 1615 943 ac
1652 916 1701 942 ne

178 971 398 1023 Aphidnaea
430 972 589 1023 quidem
620 972 747 1012 fabula
779 971 970 1024 principio
1000 971 1132 1011 aberat
1162 983 1182 1010 a
1213 971 1481 1024 Peloponneso
1494 969 1558 1022 4⁰).
1600 970 1701 1018 Quid

177 1039 240 1079 hic
276 1053 368 1091 ergo
399 1038 603 1079 Athenae?
647 1041 789 1080 Aethra
826 1052 1055 1090 numquam,
1095 1040 1269 1079 Theseus
1309 1052 1395 1079 sero
1426 1040 1596 1079 Athenas
1627 1039 1702 1078 mi-

177 1107 310 1157 gravit,
348 1107 451 1159 quod
484 1120 600 1146 nemo
630 1108 738 1159 prius
770 1113 808 1147 et
839 1106 978 1146 melius
1009 1105 1140 1146 docuit
1170 1119 1285 1158 quam
1318 1106 1402 1159 ipse
1432 1106 1698 1146 Wilamowitz.

176 1175 273 1226 (Aus
304 1176 506 1227 Kydathen
536 1188 574 1226 p.
610 1175 701 1222 101,
730 1174 785 1225 8).
845 1174 901 1213 Ex
936 1173 999 1213 illa
1036 1173 1294 1226 Peloponnesi
1332 1175 1489 1226 regione
1527 1174 1700 1214 Theseus

174 1248 307 1294 raptor
338 1243 515 1295 Spartam
556 1242 670 1289 venit,
709 1243 811 1281 sicut
840 1254 860 1281 e
891 1241 1082 1280 contraria
1119 1253 1185 1280 ora
1215 1240 1335 1280 Paris.
1396 1241 1602 1281 Mulierum
1635 1254 1699 1281 ra-

174 1310 285 1361 pinae
313 1311 351 1349 in
375 1311 563 1363 Spartana
585 1310 814 1361 antiquitate
836 1310 937 1349 sicut
957 1309 1061 1356 alias,
1094 1322 1125 1348 e.
1149 1322 1204 1360 gr.
1227 1322 1347 1361 penes
1370 1309 1547 1356 Sabinos,
1581 1309 1701 1349 moris

174 1377 293 1416 fuisse
324 1377 514 1425 videntur,
552 1390 642 1417 nam
674 1378 851 1417 Castores
882 1390 1036 1429 quoque
1067 1382 1182 1428 raptu
1214 1389 1354 1415 uxores
1385 1376 1544 1416 ducunt.
1604 1376 1696 1416 Inde

176 1445 340 1484 Helenae
362 1446 513 1485 fabulae
534 1446 717 1498 pendent.
778 1446 831 1485 Ac
861 1448 1025 1484 fortasse
1055 1457 1179 1496 usque
1201 1445 1248 1484 ad
1269 1444 1500 1483 Troezenias
1520 1444 1699 1495 regiones

178 1512 342 1563 migrare
373 1525 422 1551 ne
452 1526 550 1564 opus
582 1513 738 1564 quidem
769 1519 841 1552 est.
900 1513 1075 1551 Theseus
1105 1512 1209 1551 enim
1244 1512 1411 1551 Homero
1442 1514 1509 1561 (A
1530 1511 1629 1562 265)
1660 1512 1700 1551 in

175 1579 427 1632 Lapitharum
471 1580 635 1620 ducibus
666 1586 736 1620 est.
798 1580 978 1633 Lapithas
1016 1585 1144 1619 autem
1177 1585 1286 1632 pater
1316 1579 1516 1618 dicebatur
1545 1580 1700 1632 reginae

175 1648 398 1700 Amyclaeae
422 1648 661 1701 (Diomedae)
684 1649 780 1702 Apd.
797 1649 848 1688 111
873 1649 935 1696 10,
954 1648 1050 1696 3,2;
1071 1660 1186 1700 porro
1208 1648 1482 1687 Λαπίθαιον
1501 1648 1619 1687 hahes
1641 1648 1700 1687 vel

174 1718 306 1755 fanum
326 1717 384 1756 vel
399 1717 528 1757 locum
547 1717 586 1757 in
599 1718 885 1757 Lacedaemone
899 1717 1017 1756 situm
1031 1716 1162 1768 (Paus.
1175 1716 1226 1754 ΙΙΙ
1240 1715 1305 1763 20,
1317 1716 1371 1767 7).
1403 1716 1499 1755 Ecce
1516 1717 1700 1769 Lapitha-

174 1797 260 1823 rum
284 1797 372 1823 cum
392 1784 529 1836 Sparta
546 1785 867 1825 necessitudines.
909 1785 1016 1832 Quae
1033 1783 1253 1824 Stesichoro
1269 1784 1309 1822 in
1326 1784 1465 1836 primis
1481 1784 1699 1824 innotuisse

173 1859 365 1904 poterant,
396 1854 582 1904 quoniam
610 1853 789 1893 homines
818 1851 1071 1905 Metapontini
1099 1864 1222 1903 genus
1251 1851 1296 1891 ad
1318 1851 1519 1892 Nestorem
1542 1852 1695 1904 Pylium

174 1921 411 1960 reducebant
428 1921 572 1971 (Strab.
586 1921 697 1969 274),
715 1934 829 1973 quem
848 1921 888 1959 in
905 1920 1020 1959 Iliade
1037 1920 1078 1971 (l.
1093 1920 1144 1971 c.)
1161 1919 1334 1971 Lapithis
1351 1919 1572 1971 imperitare
1587 1920 1699 1959 audi-

175 2001 274 2028 mus.
308 1988 406 2028 Huic
422 1988 539 2040 igitur
551 1995 686 2041 poetae
705 1988 737 2028 si
753 1988 854 2040 apud
868 1987 1099 2027 Pausaniam
1117 1987 1245 2027 fabula
1261 1987 1447 2027 tribuitur
1463 1987 1509 2027 de
1526 1987 1665 2027 Helena
1677 2001 1698 2027 a

173 2057 324 2096 Theseo
341 2062 462 2108 rapta,
481 2069 636 2096 summa
655 2056 692 2095 id
704 2069 793 2096 cum
810 2055 1080 2108 probabilitate
1097 2055 1235 2096 evenit.
1275 2055 1448 2108 Denique
1459 2056 1563 2108 quod
1577 2054 1695 2107 tragi-

172 2137 306 2163 corum
324 2137 440 2163 nemo
453 2125 552 2163 hanc
565 2124 733 2164 fabulam
751 2123 889 2175 attigit,
907 2137 955 2163 ne
973 2124 1009 2163 id
1022 2124 1178 2175 quidem
1196 2123 1335 2175 origini
1350 2124 1498 2163 Atticae
1514 2121 1628 2163 favet.
1642 2145 1698 2151 —

284 2193 342 2233 Ad
359 2192 573 2244 tragoedias
594 2191 827 2232 novissimae
844 2191 1039 2244 Euripidis
1060 2191 1195 2232 aetatis
1217 2191 1500 2232 revertentibus
1521 2192 1692 2231 narratio

172 2260 285 2300 nobis
303 2273 344 2300 se
360 2261 474 2299 offert
489 2260 597 2299 valde
615 2259 878 2299 memorabilis
892 2259 1069 2311 quamvis
1086 2259 1238 2311 ignotae
1256 2259 1428 2311 originis.
1464 2259 1515 2299 Ut
1530 2259 1572 2298 in
1589 2259 1695 2297 The-

172 2328 227 2367 sei
248 2328 376 2367 fabula
399 2327 556 2375 Helena,
587 2328 640 2367 ita
670 2329 711 2368 in
742 2328 805 2368 illa
827 2328 1144 2380 Clytaemnestra,
1176 2327 1402 2380 priusquam
1434 2328 1482 2367 ab
1502 2327 1634 2367 Atrida
1655 2326 1696 2365 in

171 2395 467 2436 matrimonium
497 2396 715 2444 duceretur,
746 2395 822 2435 iam
845 2396 909 2435 alii
931 2395 1013 2436 viro
1034 2394 1217 2448 nupsisse
1238 2395 1391 2443 dicitur,
1422 2395 1490 2447 qui
1511 2394 1696 2435 Tantalus

171 2465 300 2512 audit;
339 2469 467 2504 exstat
503 2464 601 2504 mira
639 2464 734 2504 haec
771 2464 899 2504 fabula
930 2464 1051 2516 Iphig.
1083 2464 1169 2504 Aul.
1204 2464 1324 2512 1149,
1365 2464 1431 2504 ubi
1467 2476 1566 2504 uxor
1596 2463 1697 2515 Aga-

173 2544 424 2572 memnonem
456 2531 649 2584 increpat:

263 2655 322 2696 ⁸⁹⁸)
348 2655 524 2698 quibusum
555 2664 749 2698 comparare
778 2656 887 2699 possis
910 2655 1111 2701 Polyboenm
1147 2660 1181 2689 et
1199 2655 1424 2701 Hyacinthum
1450 2653 1612 2696 fratr-em,
1636 2662 1697 2697 par

170 2713 256 2745 illud
285 2713 370 2755 quod
399 2713 432 2745 in
458 2713 640 2756 Hyacinthi
667 2722 726 2745 ara
751 2713 935 2757 Amyclaea
962 2714 995 2745 in
1022 2714 1151 2746 caelum
1176 2714 1254 2746 tolli
1281 2714 1472 2746 videbatur.

284 2771 326 2810 ⁴⁰)
352 2780 385 2803 v.
414 2769 550 2803 Robert.
576 2769 661 2813 apud
678 2769 868 2804 WilamoW.
886 2770 1156 2805 Philol.Unters.
1177 2769 1298 2815 1.(Aus
1312 2769 1508 2816 Kydathen)
1525 2779 1555 2812 p.
1576 2767 1650 2808 101,
1664 2765 1695 2799 8.

170 2829 344 2871 Aphidnae
386 2827 588 2860 mentionem
625 2827 725 2859 etiam
763 2827 795 2859 in
835 2838 934 2860 areae
968 2828 1064 2859 illius
1104 2828 1324 2870 inscriptione
1357 2827 1500 2869 agnovit
1532 2824 1695 2865 Bergkius

171 2885 205 2918 Ρ.
233 2885 268 2918 L.
291 2885 329 2917 G.
357 2885 395 2917 ad
420 2885 571 2917 Alcman.
601 2883 643 2916 fr.
666 2883 704 2916 13
723 2884 768 2924 [3]
793 2884 928 2925 egregia
954 2894 1032 2916 usus
1059 2883 1265 2916 coniectura.
