1937 3315
194 255 397 297 munditiis
429 259 576 309 profert
607 255 745 306 (ibid.)‚
777 255 882 295 hisce
911 255 1051 296 similia
1084 258 1180 296 t'orte
1213 269 1289 296 non
1314 256 1494 296 habuisse
1525 256 1633 296 illum
1666 255 1708 295 de

193 325 421 371 Timandra,
451 325 491 364 id
521 326 634 364 nobis
663 325 812 364 obverti
843 337 920 363 non
952 325 1113 376 poterit,
1146 325 1330 376 quoniam
1364 338 1412 364 ne
1443 326 1490 365 de
1520 324 1711 377 Clytaem-

193 398 324 433 nestra
368 393 525 445 quidem
570 392 658 432 talia
703 392 873 444 alioquin
914 394 1135 433 traduntur.
1205 394 1281 433 Sed
1318 394 1392 433 hoc
1435 400 1634 445 utcunque
1671 405 1711 432 se

194 462 327 508 habet,
368 461 578 500 tenendum
618 466 678 500 est
710 461 999 508 Stesichorum,
1040 461 1114 501 nisi
1152 461 1301 512 egregie
1337 474 1409 500 nos
1440 460 1572 500 fefellit
1602 460 1710 506 ratio,

194 529 446 567 Timandram
478 540 555 566 non
578 528 835 579 perhibuisse.
883 529 994 576 Quod
1018 529 1196 580 equidem
1231 528 1392 567 minime
1421 530 1592 575 mirarer,
1622 539 1711 567 cum

195 608 287 636 eum
310 595 498 635 veteriora
520 597 666 634 referre
698 608 815 647 quam
848 608 879 634 e.
904 609 959 647 gr.
1006 596 1235 649 Cypriorum
1257 602 1454 636 auctorem
1487 596 1526 635 in
1548 595 1714 635 Helenae

196 664 336 703 fabulis
369 664 567 702 videamus
601 665 652 714 (p.
673 663 738 701 24.
763 663 847 713 34),
881 669 997 714 atque
1022 664 1345 703 Lacedaemoniae
1375 663 1557 702 vetustati
1586 663 1648 701 ille
1678 668 1717 701 et

198 730 408 770 memoriae
453 729 710 782 propinquior
754 730 873 770 fuerit
910 732 1066 771 natione
1103 738 1141 772 et
1177 731 1435 784 argumentis,
1480 743 1598 783 quam
1636 730 1717 783 ipse

197 798 400 837 Hesiodus.
461 798 514 836 De
545 798 778 837 Timandrae
815 805 946 838 autem
986 813 1150 851 persona
1188 800 1437 850 quantumvis
1477 799 1718 849 circumspe-

198 864 300 905 xeris
331 864 428 905 nihil
458 864 560 905 aliud
592 878 709 917 quam
750 865 845 906 illud
876 879 965 907 cum
997 864 1246 914 Ecliemo³⁰“)
1280 866 1571 906 matrimonium
1604 871 1643 905 et
1671 865 1718 904 ad

200 933 390 984 Phyleum
424 927 613 972 transitus
634 933 849 980 invenitur3
882 939 920 972 et
941 946 988 972 ne
1010 934 1104 972 haec
1134 934 1289 985 quidem
1312 933 1471 973 historia
1493 933 1540 972 ad
1569 938 1718 972 veteres

199 1000 298 1040 ullos
338 1000 476 1039 heroes
522 1005 689 1052 spectat,
736 1001 803 1040 sed
848 1001 895 1040 ad
937 1001 1224 1040 Heraclidarum
1270 1006 1454 1048 aetatem,
1499 1013 1598 1051 quae
1642 1000 1718 1039 iam

201 1067 384 1107 historica
415 1067 545 1119 potius
577 1080 691 1119 quam
724 1067 897 1107 fabulosa
928 1068 1150 1121 appellanda
1181 1074 1252 1108 est.
1297 1069 1445 1108 Inserta
1476 1074 1536 1108 est
1561 1067 1721 1110 Timan-

200 1135 268 1175 dra
305 1143 465 1188 propter
504 1135 763 1186 genealogiam
803 1142 842 1175 et
878 1149 962 1175 eam
994 1136 1149 1187 quidem
1189 1150 1286 1187 quae
1317 1137 1565 1176 Doriensibus
1594 1137 1719 1188 palam

200 1205 325 1242 faveat
346 1205 410 1251 (cf.
433 1203 590 1242 Robert.
614 1203 697 1242 Bild
722 1204 800 1243 und
823 1203 915 1242 Lied
937 1216 974 1256 p.
999 1203 1107 1253 189),
1130 1217 1204 1256 qua
1226 1204 1382 1257 dempta
1405 1216 1555 1244 merum
1577 1216 1721 1243 nomen

200 1277 240 1310 et
271 1271 409 1310 umbra
440 1271 649 1310 Timandra
680 1277 758 1317 est,
795 1284 894 1321 quae
924 1284 996 1310 nec
1026 1284 1116 1310 cum
1150 1272 1313 1311 Helenae
1344 1272 1616 1323 antiquissimo
1646 1283 1722 1310 nu-

202 1338 321 1385 mine,
353 1351 425 1378 nec
455 1350 545 1378 cum
578 1338 909 1391 Clytaemnestrae
939 1340 1040 1379 fama
1070 1339 1145 1379 iam
1179 1339 1348 1379 Homero
1378 1345 1491 1386 nota,
1531 1352 1602 1379 nec
1632 1351 1720 1378 cum

202 1406 380 1446 Phoebae
411 1407 582 1445 nominis
613 1412 765 1446 vetusta
806 1407 988 1458 gravitate
1019 1407 1202 1459 componi
1234 1408 1310 1446 ullo
1348 1408 1463 1447 modo
1501 1405 1722 1459 potest30b).

320 1542 358 1581 4.
381 1541 488 1590 Quae
512 1542 587 1583 iam
612 1543 834 1595 prolaturus
856 1555 958 1591 sum,
989 1556 1032 1583 ea
1054 1548 1187 1582 utrum
1209 1542 1256 1582 ad
1278 1542 1462 1582 Helenam
1484 1555 1533 1582 an
1554 1542 1601 1582 ad
1621 1541 1722 1582 aliud

208 1609 423 1649 Stesichori
445 1623 603 1650 carmen
635 1624 669 1649 v.
692 1623 723 1650 c.
758 1611 950 1650 Orestiam
973 1611 1201 1662 pertineant,
1233 1611 1440 1650 videndum
1463 1611 1549 1650 erit.
1588 1610 1724 1661 Agitur

296 1721 358 1763 ⁸⁰²)
377 1719 543 1765 ”Εχεμος,
577 1720 755 1754 difficilius
782 1731 913 1762 nomen,
938 1722 1023 1753 haud
1049 1722 1121 1753 scio
1148 1732 1187 1753 an
1215 1722 1294 1753 olim
1314 1717 1464 1765 ’Ἑχιμος
1488 1722 1609 1763 fuerit,
1640 1723 1723 1764 quod

203 1778 289 1810 idem
326 1778 371 1810 sit
407 1783 506 1819 atque
536 1776 667 1820 Ἐχίων
699 1778 722 1810 i.
748 1788 774 1810 e.
809 1778 1031 1817 autochthon3
1064 1788 1136 1810 naui
1167 1778 1286 1818 anguis
1317 1778 1503 1820 symbolum
1534 1778 1724 1818 terrigenae

205 1834 365 1867 nationis.

295 1891 355 1931 ⁸⁰¹³)
382 1891 447 1922 Res
480 1891 511 1922 ni
552 1890 655 1923 fallor
685 1892 846 1923 similiter
878 1900 914 1922 se
939 1890 1040 1922 habet
1065 1891 1100 1921 in
1128 1888 1375 1933 Hippocoonte,
1409 1891 1464 1933 qui
1488 1891 1665 1932 ignoratur
1691 1891 1724 1922 iu

207 1952 383 1980 stemmate
416 1947 501 1990 quod
527 1946 756 1989 Apollodorus
787 1946 843 1989 (111
865 1948 913 1988 10,
934 1947 967 1989 3)
991 1947 1186 1979 stesichoro
1219 1948 1355 1980 laudato
1380 1947 1523 1990 profert,
1555 1949 1639 1990 quod
1665 1949 1726 1980 hac

205 2005 278 2047 ipsa
311 2015 348 2037 re
380 2015 398 2036 a
425 2004 561 2045 vulgari
587 2004 787 2045 geneologia
812 2004 936 2036 differt.
974 2003 1123 2046 Namque
1149 2004 1182 2036 in
1208 2009 1382 2037 stemmate
1411 2004 1561 2046 gentium
1591 2004 1725 2036 illarum

206 2062 413 2102 geminarum
457 2071 595 2103 quarum
641 2060 750 2093 altera
786 2071 804 2093 a
841 2060 1019 2104 Tyndareo
1056 2067 1089 2092 et
1124 2060 1257 2102 Icario,
1303 2061 1409 2093 altera
1449 2071 1467 2093 a
1506 2060 1677 2103 Leucippo
1710 2071 1726 2093 e

206 2118 363 2160 Aphareo
388 2117 550 2159 originem
577 2118 715 2161 repetit,
738 2118 932 2160 Hippocoon
958 2118 1067 2150 locum
1091 2117 1249 2150 habuisse
1275 2128 1338 2149 non
1358 2118 1513 2159 videtur3
1538 2118 1727 2150 intruditur

205 2175 239 2207 in
265 2175 423 2215 alterum,
448 2175 637 2207 intruditur
661 2175 752 2210 dicet
780 2184 854 2206 nam
879 2179 915 2205 ut
940 2174 1137 2217 Tyndareus
1162 2175 1196 2206 in
1223 2174 1390 2206 Aetoliam
1414 2175 1649 2216 expelleretur
1675 2175 1720 2214 (id

206 2231 292 2274 quod
324 2234 461 2263 vetusta
492 2229 616 2273 fabula,
647 2231 731 2264 lieet
762 2240 844 2264 vera
875 2230 1009 2263 itineris
1040 2230 1178 2272 regione
1211 2230 1395 2274 perversa),
1426 2242 1509 2264 unus
1542 2230 1650 2265 frater
1675 2236 1729 2264 sat

207 2292 294 2328 erat,
328 2288 421 2330 isque
453 2287 594 2320 Icarius.
643 2288 714 2319 Jam
747 2287 778 2318 si
808 2288 986 2328 genealogi
1021 2297 1090 2319 rem
1123 2288 1170 2319 ita
1203 2292 1414 2329 pervertunt,
1449 2292 1487 2319 ut
1517 2287 1612 2320 litem
1638 2288 1728 2319 inter

206 2341 421 2387 Tyndareum
448 2347 483 2375 et
508 2343 771 2386 Hippocoontem
797 2353 883 2386 esse,
908 2342 1050 2376 Icarium
1075 2348 1187 2376 autem
1212 2344 1412 2377 accersitum
1439 2343 1479 2377 ab
1504 2344 1732 2387 Hippocoonte

209 2400 322 2432 dicant
351 2399 461 2437 (Paus.
480 2399 533 2442 ΙΙΙ,
554 2401 595 2441 1),
622 2405 716 2432 certe
742 2401 818 2432 inde
844 2411 907 2432 non
934 2402 1087 2443 sequitur
1111 2400 1252 2433 Icarium
1277 2401 1463 2443 antiquitus
1490 2407 1547 2432 aut
1564 2400 1726 2433 secundas

208 2461 268 2488 aut
293 2456 403 2489 nullas
434 2456 597 2489 hahuisse
635 2462 768 2500 partes3
807 2457 906 2489 immo
936 2457 1128 2500 Hippocoon
1169 2453 1280 2494 νόθος
1314 2463 1455 2489 vocatur
1494 2457 1617 2498 (Schol.
1650 2456 1732 2488 Eur.

207 2512 266 2545 Or.
291 2513 369 2546 457.
401 2513 503 2546 schol.
536 2514 630 2547 Hom.
663 2515 688 2547 Β
711 2514 802 2557 581),
834 2514 1019 2547 cuiusmodi
1050 2515 1090 2547 de
1115 2514 1223 2547 Icario
1250 2515 1334 2547 nihil
1358 2515 1522 2555 traditur3
1548 2515 1633 2557 quod
1663 2519 1730 2546 tam

208 2579 312 2609 grave
344 2570 523 2601 discrimen
557 2570 685 2603 sufficit
715 2571 756 2603 ad
788 2580 858 2603 rem
890 2571 1139 2614 profligandam,
1171 2571 1246 2603 sive
1270 2570 1316 2603 lis
1340 2569 1404 2604 fuit
1427 2571 1616 2615 antiquitus
1641 2571 1730 2603 inter

207 2624 421 2670 Tyndareum
447 2631 481 2659 et
506 2626 660 2668 Icarium,
686 2628 759 2661 sive
785 2639 849 2660 non
875 2627 949 2661 fuit.
989 2629 1033 2661 Et
1059 2627 1209 2671 profecto
1228 2628 1338 2662 sabula
1358 2630 1610 2673 HippocoontiS,
1635 2638 1731 2671 quam

209 2683 449 2715 illustrandam
481 2684 630 2716 libenter
664 2684 829 2725 largimur
860 2686 1054 2726 genealogis
1080 2685 1255 2717 Hesiodeis
1281 2691 1315 2718 et
1339 2687 1514 2718 Alcmanis
1539 2685 1732 2718 tardissimo

212 2739 347 2780 ingenio
386 2743 423 2771 ut
452 2739 687 2772 intruderetur
720 2741 851 2773 omnino
886 2739 1010 2774 factum
1042 2745 1094 2774 est
1124 2740 1243 2776 fraude
1273 2743 1485 2776 Doriensium
1516 2742 1564 2786 (v.
1595 2741 1732 2775 Robert.

208 2798 272 2830 l.‹:.
301 2797 365 2830 188
383 2798 449 2838 sq.)
486 2796 558 2838 Qua
584 2807 721 2829 vacuam
747 2808 822 2830 esse
847 2799 1038 2830 memoriam
1058 2799 1290 2831 Chalcidensis
1315 2805 1432 2841 poetae
1459 2810 1544 2830 nunc
1563 2799 1732 2836 videmus3

213 2862 317 2894 neque
342 2853 430 2884 enim
457 2851 670 2885 Timandram
698 2863 801 2895 neque
827 2853 1090 2895 llippocoontem
1116 2855 1257 2895 agnovit
1281 2854 1504 2888 Stesichorus.
