1937 3315
847 175 1136 216 -66-

231 302 349 343 pauca
389 291 494 329 fuere
536 296 649 344 atque
687 290 780 329 adeo
819 303 896 329 non
933 289 1107 330 animum
1140 290 1315 330 insedere
1347 290 1490 337 Ovidii,
1534 295 1576 330 ut
1607 290 1743 344 epyllia

228 360 301 398 ista
333 360 393 397 vix
423 361 561 410 legisse
592 361 718 411 primo
749 367 905 412 aspectu
936 360 1122 399 videatur.
1178 361 1289 400 Certe
1322 361 1537 400 rectissime
1567 374 1607 399 se
1629 361 1744 399 habet

227 426 331 480 quod
362 428 405 468 Α.
427 427 539 469 Riese
570 427 676 476 dixit,
707 426 903 481 aliquanto
934 427 1113 482 pauciora
1144 440 1232 469 eum
1264 428 1401 481 legisse
1432 441 1546 482 quam
1579 428 1739 469 Alexan-

227 496 429 535 drinorum
462 497 688 536 imitatores.
745 498 856 543 Quod
887 510 936 536 ne
957 499 1318 548 Metamorphoseon
1348 498 1504 548 quidem
1536 504 1642 537 tanta
1672 498 1741 536 ab-

226 564 492 605 sconditarum
533 577 664 606 rerum
713 564 820 619 copia
858 565 1064 614 evertitur,
1106 564 1138 606 si
1183 564 1338 618 quidem
1378 564 1536 619 respicis
1573 563 1740 619 epitome

224 634 483 685 mythologica
519 646 608 673 eum
647 646 762 673 usum
795 647 880 673 esse
911 635 1172 686 aliquatenus,
1207 635 1308 685 quod
1340 635 1536 673 luculento
1566 635 1739 685 exemplo

224 700 505 742 demonstravit
534 701 728 742 Robertus
759 701 861 755 (Bild
892 715 929 742 u.
953 701 1043 743 Lied
1075 716 1111 755 p.
1134 701 1227 750 231,
1251 702 1305 754 5).
1345 726 1398 731 —-·
1429 702 1567 750 Quare,
1598 702 1669 743 etsi
1700 701 1737 742 in

223 770 373 810 duabus
411 771 663 818 Heroidihus‚
702 772 912 812 Hermiona
948 779 986 811 et
1016 771 1208 817 Deianira,
1247 784 1308 811 res
1346 784 1424 811 non
1464 772 1510 811 ad
1545 772 1735 823 liquidum

220 839 379 890 perduci
410 845 550 891 potest,
581 852 623 879 ea
655 852 771 892 quam
804 839 1123 892 praescripsimus
1154 840 1212 879 via
1242 840 1547 892 progrediamur.

333 908 547 947 Phaedram
579 908 698 960 igitur
727 921 815 948 cum
838 908 1020 961 Euripide
1041 908 1281 961 comparanti
1302 914 1390 947 ante
1411 908 1540 948 omnia
1561 908 1735 948 eximen—

219 975 288 1015 dae
320 984 435 1016 erunt
466 977 674 1016 nonnullae
705 977 752 1016 ab
783 977 963 1028 Euripide
993 977 1157 1024 alienae;
1197 976 1366 1028 primum
1399 989 1441 1016 ea
1472 989 1570 1028 quae
1602 989 1731 1015 secum

217 1044 365 1084 ferebat
395 1047 518 1084 forma
550 1044 755 1097 epistulae,
789 1052 831 1084 ut
863 1058 897 1083 v.
924 1045 1070 1084 1—10.
1113 1044 1175 1083 13.
1211 1045 1279 1091 14,
1323 1044 1360 1083 in
1393 1044 1536 1096 quibus
1567 1044 1733 1084 notanda

216 1118 276 1152 est
306 1112 471 1152 imitatio
502 1112 865 1164 Argonauticorum,
899 1113 934 1151 7.
959 1112 983 1152 8
1016 1130 1070 1146 =
1099 1112 1168 1165 Ap.
1200 1112 1272 1151 Rh.
1304 1112 1471 1152 111654.
1521 1112 1684 1152 Versum
1711 1113 1728 1150 1

214 1182 355 1233 repetit
391 1188 504 1233 poeta
540 1181 580 1220 in
617 1181 781 1233 epistula
813 1181 981 1233 Byblidis
1019 1182 1065 1221 ad
1096 1182 1272 1221 Caunum
1310 1183 1468 1221 fratrem
1507 1182 1593 1221 data
1624 1181 1730 1233 (Met.

214 1249 266 1288 IX
285 1249 397 1301 530),
419 1250 511 1289 item
536 1249 727 1289 sententia
750 1262 847 1301 quae
868 1255 928 1289 est
951 1249 1043 1297 133,
1065 1250 1141 1289 illic
1161 1250 1326 1289 recurrit
1347 1251 1440 1289 555.
1472 1250 1577 1297 Quae
1597 1251 1660 1288 17.
1682 1249 1730 1289 18

213 1319 418 1366 dicuntur,
456 1317 643 1365 23-34,
682 1325 764 1357 tum
801 1318 1042 1366 150—152,
1075 1319 1148 1358 dici
1178 1331 1256 1358 non
1287 1325 1466 1370 poterant
1495 1319 1572 1358 nisi
1601 1333 1621 1358 a
1651 1318 1731 1358 Ro-

212 1399 327 1426 mano
358 1387 575 1438 Augusteae
605 1386 754 1433 aetatis,
785 1399 874 1426 cum
907 1392 1172 1426 matronarum
1204 1398 1357 1426 amores
1386 1399 1435 1425 ne
1465 1386 1587 1426 dicam
1620 1386 1729 1425 adul-

211 1455 307 1493 teria
339 1456 537 1495 florerent.
590 1454 655 1494 Illa
686 1468 842 1506 quoque
874 1455 1101 1500 similitudo,
1122 1468 1197 1505 qua
1218 1467 1352 1494 amans
1374 1461 1619 1506 comparatur
1639 1467 1727 1493 cum

211 1521 375 1562 invenco
414 1524 473 1562 vel
503 1536 603 1574 equo
634 1523 696 1562 cui
727 1522 897 1574 primum
930 1522 1145 1574 imponitur
1175 1522 1328 1573 iugum,
1362 1521 1516 1573 propria
1546 1528 1605 1561 est
1635 1534 1728 1573 poe-

212 1595 339 1629 tarum
362 1590 631 1631 Romanorum
647 1590 710 1642 ¹⁵).
762 1589 904 1629 Contra
935 1589 1163 1642 Euripideae
1193 1589 1380 1629 exstantis
1404 1589 1616 1642 tragoediae
1638 1588 1726 1628 imi-

211 1658 398 1698 tationem
445 1673 537 1711 prae
582 1673 623 1699 se
667 1662 800 1699 serunt
836 1660 884 1697 41
905 1673 988 1710 sqq.
1026 1677 1081 1692 =
1117 1659 1209 1698 Eur.
1240 1658 1321 1698 215
1340 1672 1436 1710 sqq.,
1468 1658 1521 1698 39
1550 1676 1606 1693 =
1635 1658 1725 1698 Eur.

212 1724 331 1764 1092.
376 1725 494 1772 1394,
535 1738 652 1778 porro
688 1726 753 1764 45.
786 1726 851 1765 46.
884 1725 986 1774 2313
1026 1732 1106 1765 tum
1146 1726 1198 1765 52
1237 1726 1300 1777 (cs.
1339 1726 1453 1765 Trist.
1492 1725 1645 1778 11383)
1686 1726 1724 1764 in

209 1792 457 1840 universum,
504 1795 552 1832 cf.
601 1794 767 1832 maxime
812 1793 903 1832 Eur.
950 1794 1016 1832 40.
1062 1793 1155 1833 279.
1203 1793 1306 1840 392;
1351 1800 1465 1845 atque
1510 1794 1605 1833 illud
1636 1807 1724 1833 vero

206 1862 427 1914 exemplum
460 1861 505 1902 de
527 1862 695 1915 Cephalo
726 1868 765 1902 et
786 1862 934 1903 Aurora
965 1861 1109 1902 nullius
1139 1862 1179 1902 in
1212 1868 1383 1903 mentem
1414 1861 1544 1903 venire
1574 1868 1725 1916 poterat

205 1930 243 1968 in
275 1931 349 1970 hoc
379 1937 575 1979 contextu,
607 1931 682 1970 nisi
713 1938 800 1970 ante
831 1932 963 1970 oculos
994 1938 1074 1971 erat
1105 1932 1195 1970 Eur.
1219 1933 1313 1970 455.
1362 1932 1458 1970 Item
1489 1932 1528 1970 in
1558 1932 1605 1970 iis
1626 1945 1722 1982 quae

204 1998 249 2038 de
281 1999 420 2039 Minois
451 2000 602 2040 filiabus
633 2001 699 2040 55.
731 2001 797 2047 61,
847 2000 894 2040 de
927 2000 1061 2040 matris
1091 2000 1131 2040 in
1162 2006 1317 2040 taurum
1350 1999 1452 2051 (57),
1485 1999 1630 2040 sororis
1659 2000 1722 2039 in-

202 2066 303 2105 felici
336 2068 421 2116 (59)
455 2081 586 2107 amore
617 2067 946 2115 comminiscitur,
986 2067 1188 2119 Euripides
1220 2068 1380 2120 praeivit
1410 2067 1534 2106 337--
1550 2067 1649 2112 3433
1681 2068 1721 2107 in

201 2134 343 2185 quihus
377 2142 504 2176 tamen
535 2142 705 2177 veterem
737 2136 904 2177 fabulam
938 2136 983 2176 de
1005 2136 1143 2177 Bacchi
1173 2142 1212 2177 et
1232 2136 1419 2177 Ariadnae
1451 2135 1601 2177 Cretico
1622 2149 1719 2177 con-

199 2200 303 2253 iugio
335 2208 444 2254 poeta
476 2203 676 2243 Romanus
707 2216 785 2243 non
817 2206 1030 2257 perspexit,
1073 2205 1140 2244 sed
1170 2204 1422 2244 infortuniam
1455 2204 1642 2244 Ariadnae
1672 2205 1718 2243 ad

199 2269 339 2309 Thesei
378 2271 611 2321 (deserentis
647 2275 749 2320 eam)
790 2274 988 2324 perfidiam
1027 2274 1188 2313 rettulit.
1247 2274 1420 2325 Denique
1450 2274 1551 2325 quod
1583 2272 1719 2321 νόθος

201 2343 284 2376 erat
305 2337 536 2390 Hippolytus
568 2338 696 2390 (122),
729 2346 971 2379 momentum
1004 2353 1025 2379 a
1055 2341 1269 2380 recentiore
1290 2348 1465 2392 tempore
1485 2341 1717 2391 neglectum,

198 2420 278 2446 uno
301 2421 347 2447 ex
364 2407 549 2459 Euripide
569 2408 654 2460 ipso
676 2409 860 2449 haustum
883 2415 942 2449 est
964 2409 1074 2457 (309.
1093 2409 1186 2450 962.
1207 2409 1350 2462 1083);
1372 2409 1582 2450 concinunt
1601 2422 1717 2462 porro

196 2476 245 2513 51
272 2481 311 2515 et
333 2475 424 2515 Eur.
448 2474 529 2514 232
544 2488 615 2527 sq„
639 2481 721 2514 tum
746 2475 798 2515 39
819 2482 858 2515 et
878 2476 970 2516 Eur.
994 2476 1110 2517 1092.
1136 2477 1255 2517 1394.
1287 2477 1336 2517 Et
1355 2478 1448 2518 haec
1463 2478 1645 2530 pleraque
1663 2501 1715 2504 -—--

196 2558 275 2583 non
309 2545 439 2584 omnia
471 2568 524 2573 -—-
556 2545 631 2584 iam
663 2545 793 2584 attulit
814 2545 1051 2595 Birtius¹⁵“).
1098 2546 1363 2587 Praetermisit
1384 2554 1512 2586 tamen
1535 2547 1715 2598 gravissi-

196 2624 305 2651 mum
330 2612 507 2652 omnium
540 2618 786 2660 concentum,
818 2612 892 2652 iter
913 2612 1107 2666 Hippolyti
1127 2614 1368 2654 Eleusinium
1400 2614 1483 2666 (67.
1515 2614 1606 2654 Eur.
1629 2613 1712 2663 25).

310 2681 435 2733 Atque
466 2681 560 2720 haec
590 2680 641 2720 ita
672 2688 892 2733 comparata
923 2688 1026 2730 sunt,
1061 2689 1102 2722 ut
1133 2683 1262 2723 omnia
1291 2683 1366 2723 iam
1398 2683 1438 2723 in
1470 2683 1597 2735 priore
1618 2681 1713 2734 Hip-

191 2749 322 2801 polyto
352 2749 425 2799 legi
456 2748 668 2800 potuerint,
699 2750 927 2800 praesertim
947 2750 991 2789 vsi
1021 2757 1126 2790 recte
1156 2751 1451 2791 Valckenaerius
1482 2750 1588 2796 dixit,
1619 2762 1712 2788 cen—

303 2841 346 2884 Π“’)
372 2852 404 2874 v.
432 2851 513 2884 quos
539 2840 655 2873 laudat
680 2841 818 2874 Birtius.

304 2899 331 2918 '⁵
349 2900 358 2938 )
384 2898 439 2940 qui
457 2899 565 2931 altera
584 2909 602 2930 a
619 2902 714 2941 parte
734 2899 854 2932 nimius
873 2897 938 2931 suit
955 2899 986 2931 in
1007 2900 1238 2943 comparandis
1257 2900 1431 2941 utriusque
1449 2903 1568 2941 poetae
1583 2898 1706 2932 verbis.

1802 1927 1827 1935 ι
