1937 3315
824 176 1116 216 ...ω-

213 303 257 337 ιιι
285 297 330 337 ad
353 296 596 350 Tyndareum
630 294 858 345 plerumque
889 291 1104 342 neglectum
1135 290 1344 343 respiceret
1364 296 1403 330 et
1423 290 1518 331 filias
1541 290 1625 331 eius
1647 290 1723 330 im-

213 365 403 417 probitate
423 363 595 413 insignes
616 362 762 401 diceret
782 359 847 398 Or.
869 359 961 398 249.
987 359 1080 397 541.
1104 359 1197 407 750,
1221 357 1434 398 Stesichori
1454 358 1584 410 potius
1606 370 1724 411 quam

213 432 367 472 Hesiodi
398 429 625 471 auctoritate
646 428 836 468 adductus
857 439 941 466 esse
963 426 1125 466 videtur
1185 426 1253 466 His
1284 429 1363 466 fere
1384 426 1566 467 omnibus
1586 428 1634 468 ad
1654 440 1724 467 ex-

215 506 376 539 tremam
408 503 543 550 poetae
572 502 735 536 aetatem
768 494 1051 546 pertinentibus
1081 494 1247 546 inspersi
1277 494 1406 534 locum
1429 494 1721 536 Andromachae

213 568 286 608 etsi
315 575 411 614 tum,
443 565 574 605 decem
596 566 675 604 fere
705 563 816 603 annis
845 568 946 610 ante,
978 562 1051 602 etsi
1081 562 1152 602 alia
1183 562 1245 602 ille
1274 563 1412 603 indicia
1441 564 1545 602 nulla
1568 564 1726 615 praebet

213 634 389 675 lectionis
435 632 711 673 Stesichoreae.
778 629 919 682 Utique
970 629 1187 670 accuratius
1235 630 1339 670 hunc
1390 643 1469 671 non
1511 631 1597 671 dico
1636 630 1728 683 legit

214 703 279 743 sed
321 701 496 742 adhibuit
540 713 618 740 non
660 705 749 739 ante
787 697 888 745 413,
935 698 993 738 vel
1023 697 1152 751 potius
1184 705 1225 738 ut
1261 698 1597 739 demonstabimus
1632 698 1727 737 415.

213 772 263 810 Et
288 772 335 810 de
357 770 499 808 Helena
521 768 675 820 quidam
706 767 804 819 (acta
827 765 924 816 412)
955 765 1048 805 satis
1078 772 1239 806 constat.
1300 766 1419 806 Cuius
1450 772 1726 818 argumentum

215 845 258 879 ut
279 850 396 891 supra
418 836 564 877 dictum
597 841 656 876 est
676 834 858 875 indicavit
886 833 961 873 iam
984 833 1022 873 in
1045 833 1206 880 Electra,
1237 834 1378 886 prioris
1408 834 1499 874 anni
1521 834 1727 886 tragoedia,

215 920 273 946 vv.
299 906 406 946 1278
428 918 511 956 sqq.
571 904 619 943 Et
650 905 723 943 iam
757 902 820 941 hic
850 907 1027 941 monstro
1047 901 1215 940 fabulam
1240 902 1285 940 de
1308 902 1445 942 Oreste
1466 902 1504 941 in
1526 902 1728 942 Arcadiam

217 974 407 1026 migrante
444 974 579 1012 eodem
620 973 704 1011 loco
740 971 795 1009 ΕΙ.
830 969 936 1009 1273
974 975 1168 1008 narratam
1207 969 1322 1021 idque
1353 971 1456 1010 nulla
1488 970 1580 1009 dum
1614 970 1730 1010 modo

216 1043 469 1081 deformatam
491 1041 644 1093 qualem
676 1039 714 1078 in
736 1039 873 1078 Oreste
904 1037 1028 1076 serius
1050 1036 1160 1076 docta
1191 1037 1447 1078 inveniemus.
1504 1038 1583 1077 Nee
1603 1044 1733 1090 potest

216 1117 346 1161 fugere
391 1120 626 1160 quemquam
672 1107 712 1146 in
758 1105 883 1145 verbis
922 1104 1020 1144 482:
1067 1102 1220 1157 τοιγάρ
1266 1106 1315 1144 σέ
1357 1106 1458 1144 ποτ’
1500 1102 1731 1157 οῧρανίδαι

218 1176 475 1229 πέμψουσιν
504 1170 715 1218 θανάτοις
745 1172 808 1223 (de
830 1172 973 1212 Helena
1005 1172 1146 1223 dictis),
1179 1178 1375 1225 tamquam
1411 1186 1515 1213 mors
1538 1173 1588 1212 sit
1609 1173 1732 1213 rarior

217 1255 338 1295 poena
360 1255 431 1281 nec
451 1240 672 1281 communis
695 1253 792 1287 sors,
825 1240 902 1280 iam
923 1240 1182 1279 immortalem
1209 1241 1372 1280 Helenae
1395 1248 1573 1281 naturam
1597 1248 1733 1294 poetae

217 1311 347 1351 animo
376 1309 592 1354 obversari,
624 1321 738 1360 quam
773 1309 809 1348 in
837 1308 1013 1361 proxima
1033 1308 1225 1361 tragoedia
1255 1315 1343 1349 ante
1375 1311 1506 1350 oculos
1538 1316 1733 1364 spectato-

217 1392 303 1419 rum
336 1378 535 1430 positurus
566 1382 659 1416 erat.
719 1378 843 1428 Atque
874 1377 907 1416 si
941 1377 1045 1417 1063
1079 1377 1261 1416 Helenam
1301 1384 1340 1416 et
1370 1390 1542 1418 sororem
1576 1378 1734 1418 Castore

219 1447 394 1500 indignas
416 1445 518 1494 dicit,
540 1457 657 1498 quam
680 1445 1009 1497 comparationem
1031 1445 1069 1485 in
1089 1444 1232 1485 Helena
1250 1444 1330 1486 720
1353 1446 1498 1494 recolit,
1521 1447 1558 1486 id
1575 1446 1733 1499 quidem

218 1521 355 1567 sponte
400 1527 440 1553 se
486 1512 680 1552 obtulerit.
740 1513 883 1552 Verum
921 1525 1076 1552 causam
1115 1525 1185 1551 cur
1221 1526 1344 1552 unum
1386 1514 1584 1553 Castorem
1629 1515 1731 1554 dicat

220 1582 367 1623 Electra
400 1605 450 1610 κ
482 1593 572 1621 nam
609 1592 652 1619 ea
690 1579 864 1631 loquitur
894 1605 961 1628 —,
992 1594 1071 1621 non
1103 1594 1301 1633 assequor,
1333 1582 1407 1621 nisi
1439 1585 1537 1622 forte
1568 1584 1672 1635 quod
1704 1584 1735 1622 is

220 1663 422 1701 sponsus
444 1650 490 1695 ei,
512 1649 640 1699 itaque
661 1648 918 1699 propinquior
939 1655 1021 1687 erat
1041 1649 1178 1699 <311);
1199 1661 1315 1700 quam
1339 1650 1507 1688 fabulam
1531 1650 1592 1689 liic
1614 1651 1733 1690 modo

220 1717 370 1758 obviam
403 1717 452 1757 ob
490 1728 624 1756 causas
654 1715 840 1767 quasdam
873 1716 1149 1769 mythologicas
1178 1716 1284 1756 valde
1308 1717 1598 1757 memorabilem
1621 1718 1733 1758 duco.

331 1786 409 1824 Iam
443 1798 489 1823 ex
517 1797 562 1823 eo
592 1783 762 1822 carmine
789 1784 891 1834 quod
924 1784 964 1822 iu
996 1796 1112 1823 usum
1145 1796 1260 1823 suum
1293 1784 1407 1824 vertit
1428 1785 1630 1837 Euripides
1652 1785 1736 1824 fieri

221 1866 298 1893 non
315 1853 488 1905 potuisse
499 1852 593 1904 quin
609 1859 766 1904 praeter
782 1852 872 1890 illud
888 1859 1160 1903 argumentum
1179 1853 1339 1892 aliarum
1352 1866 1504 1904 quoque
1519 1854 1736 1893 fabularum

220 1920 370 1960 flosculi
396 1920 620 1972 irreperent,
652 1920 975 1971 quemadmodem
1009 1920 1146 1960 accidit
1172 1926 1307 1973 poetae
1330 1920 1387 1960 vel
1408 1920 1538 1966 invito,
1571 1921 1635 1961 ubi
1659 1927 1736 1961 tam

222 1989 350 2029 nobile
382 1989 600 2042 exemplum
635 1995 724 2029 ante
755 1988 886 2028 oculos
917 1995 988 2036 est,
1020 1988 1057 2028 id
1087 1989 1372 2042 simplicissima
1395 1989 1493 2029 ratio
1519 1990 1737 2041 persuadet.

222 2057 353 2109 Neque
385 2070 474 2110 spes
505 2069 577 2096 nos
607 2056 752 2096 fefellit.

336 2193 371 2232 2.
419 2194 544 2245 Atque
575 2199 618 2233 ut
648 2206 667 2233 a
699 2192 941 2232 certissimus
962 2192 1117 2232 initium
1150 2204 1365 2240 sumamus,
1397 2193 1656 2233 conferendus
1677 2198 1738 2232 est

223 2261 405 2312 prologus
436 2261 653 2313 Iphigeniae
684 2261 905 2301 Aulidensis
942 2260 1118 2300 conditae
1155 2260 1194 2299 in
1233 2266 1406 2300 extrema
1437 2267 1572 2313 poetae
1602 2267 1739 2301 aetate.

223 2327 371 2367 Dicitur
409 2329 484 2368 illic
514 2329 739 2381 Tyndareus
777 2341 865 2368 cum
904 2328 953 2367 ob
993 2327 1280 2367 multitudinem
1318 2335 1358 2368 et
1397 2329 1608 2381 potentiam
1647 2341 1741 2382 pro-

223 2406 357 2434 corum
389 2402 587 2452 vereretur
616 2409 664 2436 ne
695 2410 774 2437 uno
803 2396 973 2450 praelato
1002 2402 1151 2437 ceteros
1181 2397 1360 2445 laederet,
1398 2398 1444 2438 ad
1475 2397 1607 2437 dolum
1641 2409 1737 2437 con-

223 2463 374 2514 fugiens
405 2477 542 2505 omnes
571 2465 819 2505 iureiurando
847 2465 1113 2513 obstrinxisse,
1144 2465 1240 2513 eius,
1272 2467 1336 2506 cui
1357 2466 1514 2505 daretur
1536 2466 1678 2505 Helena
1700 2466 1740 2504 in

225 2531 531 2582 matrimonium,
553 2533 741 2574 honorem
764 2546 804 2574 se
825 2539 957 2574 contra
974 2533 1135 2574 iniurias
1152 2534 1272 2574 armis
1293 2547 1378 2574 esse
1394 2534 1634 2582 defensuros,
1657 2540 1742 2574 tum

225 2600 313 2639 dato
343 2601 441 2640 filiae
470 2601 591 2641 libero
622 2602 762 2642 iudicio
783 2603 954 2642 Menelao
984 2614 1100 2654 quem
1132 2602 1193 2642 illa
1223 2602 1338 2654 elegit
1358 2602 1542 2642 Helenam
1575 2602 1741 2643 dedisse.

225 2667 331 2707 Hanc
367 2669 533 2709 fabulam
577 2671 613 2723 (a
652 2671 876 2724 Thucydide
904 2671 932 2719 I,
965 2671 990 2710 9
1020 2670 1146 2710 obiter
1182 2671 1546 2722 commemoratam)
1585 2670 1745 2710 omnino

227 2735 448 2776 Stesichoro
486 2738 617 2778 deberi
654 2739 878 2779 testimonio
918 2744 1069 2779 constat
1108 2738 1334 2779 scholiastae
1366 2738 1559 2779 Homerici
1590 2739 1619 2778 B
1651 2738 1745 2787 339,

225 2804 329 2854 quod
358 2807 622 2856 fragmentum
652 2820 759 2847 nunc
789 2808 944 2848 tandem
967 2806 1155 2859 Bergkius
1187 2808 1226 2847 in
1248 2807 1435 2847 Helenam
1466 2819 1621 2847 carmen
1643 2813 1747 2847 recte

226 2870 369 2921 posuit.
429 2873 510 2912 Iam
532 2874 723 2915 Hesiodus
751 2875 797 2915 de
820 2876 985 2916 Helenae
1014 2875 1143 2928 procis
1173 2875 1321 2916 multus
1350 2875 1470 2916 fuisse
1502 2876 1654 2917 videtur
1683 2876 1747 2927 (fr.

1485 2943 1528 2977 221<
