1937 3315
896 177 1187 218 ..68-

284 306 445 332 censum
478 299 663 344 spectant,
696 294 806 331 cuius
837 294 944 331 locus
966 294 1098 332 Coloni
1130 296 1437 342 monstrabatur3
1469 302 1506 333 et
1535 295 1627 345 quid
1659 295 1704 333 ad
1726 296 1800 333 hoc

281 362 435 401 foedere
466 374 565 413 opus
596 367 688 407 erat,
720 361 751 400 si
784 366 945 413 uterque
976 374 1096 414 aequa
1128 362 1320 402 voluntate
1352 370 1388 403 et
1419 364 1613 416 voluptate
1645 369 1688 402 ut
1708 362 1799 402 illuc

281 429 532 469 descenderet
561 429 889 469 commovebatur.
949 430 1122 470 Theseus
1153 431 1269 482 igitur
1299 444 1428 471 comes
1459 437 1610 472 tantum
1642 435 1679 470 et
1709 443 1799 483 par-

280 497 401 549 ticeps
432 497 694 548 periculorum
727 510 814 536 cum
846 497 970 536 amico
1002 498 1246 538 descendisse
1277 500 1471 550 putandus
1502 504 1572 545 est,
1604 504 1647 537 ut
1678 498 1796 536 schol.

279 565 402 618 Apoll.
434 565 507 604 Rh.
538 564 566 612 I,
592 565 666 605 101
700 572 739 605 et
771 566 913 605 Seneca
943 565 1025 619 ipse
1056 571 1237 606 testatur:

545 633 657 673 fortis
687 647 756 686 per
785 635 881 675 altas
911 634 1004 675 invii
1033 640 1137 675 retro
1167 636 1271 675 lacus

545 702 648 742 vadit
678 703 857 743 tenebras
889 705 1029 743 miles
1060 703 1261 743 audacis
1292 704 1439 755 proci.

276 770 323 809 Et
359 769 546 821 quidquid
584 771 631 810 de
669 771 795 811 fabula
826 772 1030 818 statueris,
1062 777 1164 811 certe
1194 772 1233 810 in
1265 771 1477 823 tragoedia,
1510 771 1556 810 de
1586 784 1660 823 qua
1691 783 1796 810 nunc

274 837 413 888 agitur,
444 850 506 877 res
537 837 587 877 ita
618 839 895 890 accipiebatur3
926 852 1063 891 nempe
1095 839 1200 878 solus
1230 839 1416 885 Theseus,
1448 844 1492 877 ut
1522 838 1560 877 in
1593 838 1794 883 Senecaea,

274 919 320 945 ex
343 906 443 946 Orco
475 906 532 958 (in
565 907 739 957 scenam)
772 908 952 957 revertit;
984 920 1099 960 quam
1132 907 1245 947 amici
1275 907 1524 947 amissionem
1556 906 1716 946 haudsio
1747 919 1794 946 an

274 981 462 1027 queratur
491 977 538 1015 sr.
561 976 655 1016 446.

387 1044 532 1083 Eodem
565 1044 671 1083 ducit
691 1044 887 1084 Plutarchi
918 1045 1045 1092 locus;
1077 1057 1165 1083 nam
1200 1045 1472 1096 παρανομίαι
1504 1057 1582 1084 non
1612 1051 1698 1096 apte
1725 1057 1793 1096 ap-

273 1111 438 1163 pellatur
469 1124 578 1151 amor
609 1111 646 1151 in
680 1112 789 1152 deam
822 1113 1027 1160 incensus;
1058 1112 1124 1165 qui
1156 1112 1312 1165 quidem
1337 1109 1459 1166 παρά
1481 1110 1613 1166 νόμον
1634 1118 1705 1161 est,
1727 1112 1793 1151 sed

272 1192 351 1219 non
393 1180 676 1232 turpitudinem
717 1181 851 1229 habet,
894 1194 966 1233 qua
998 1182 1181 1233 adspersa
1214 1180 1353 1219 marito
1394 1192 1434 1219 se
1466 1181 1588 1233 ipsam
1621 1179 1793 1220 Phaedra

272 1261 437 1300 purgare
469 1249 611 1288 studet.
657 1249 782 1288 Immo
813 1249 952 1289 Thesei
983 1250 1022 1288 in
1045 1249 1272 1289 Perithoum
1305 1260 1475 1288 amorem
1509 1249 1583 1289 dici
1612 1249 1790 1295 arbitror,

269 1329 384 1367 quem
418 1316 457 1355 in
488 1316 772 1368 turpitudinem
806 1318 919 1356 vertit
949 1317 1090 1356 mulier
1121 1316 1309 1369 improba.
1384 1315 1617 1355 Huiusmodi
1646 1317 1792 1356 incesta
1841 1348 1846 1353 .

269 1384 390 1424 libido
421 1387 595 1437 profecto
628 1387 885 1439 παρανομία
916 1392 1094 1433 vocatur,
1138 1391 1182 1425 ut
1212 1385 1251 1424 in
1282 1383 1475 1424 Alcibiade
1506 1384 1627 1424 Thuc.
1660 1384 1707 1424 VI
1741 1386 1790 1424 15

272 1453 320 1491 cf.
343 1451 444 1491 Plut.
467 1452 546 1492 Alc.
569 1453 606 1493 6.
658 1452 805 1500 Quodsi
838 1459 995 1506 ,stupra
1025 1460 1064 1493 et
1094 1453 1248 1493 illicitos
1270 1459 1375 1492 toros
1395 1451 1613 1492 Acheronte
1633 1452 1671 1492 in
1694 1452 1791 1492 imo’

268 1520 442 1560 Theseus
480 1535 665 1573 quaerere
696 1522 838 1561 dicitur
867 1536 887 1561 a
919 1523 1091 1562 Phaedra
1121 1523 1306 1568 Romana,
1337 1522 1374 1560 id
1405 1521 1500 1560 adeo
1530 1533 1618 1560 cum
1650 1521 1792 1572 priori-

271 1588 343 1627 bus
374 1602 472 1640 quae
503 1589 615 1628 attuli
646 1589 773 1629 verbis
805 1596 962 1642 pugnat,
994 1596 1038 1630 ut
1068 1589 1244 1630 consulto
1275 1589 1437 1629 evitasse
1460 1588 1626 1628 Senecae
1647 1588 1789 1628 delica—

272 1657 347 1695 tior
377 1670 439 1696 ars
470 1670 552 1697 rem
577 1658 803 1710 Euripideae
835 1659 948 1698 aetati
980 1658 1130 1698 solitam
1164 1665 1202 1698 et
1232 1657 1272 1696 in
1304 1656 1477 1697 mulieris
1498 1669 1670 1696 amorem
1702 1669 1788 1696 ver-

269 1724 362 1764 tisse
393 1726 580 1765 videatur.
632 1726 807 1773 Pirithoi,
840 1739 919 1765 non
940 1727 1207 1779 Proserpinae,
1230 1738 1403 1766 amorem
1426 1724 1611 1765 Ovidiana
1632 1737 1787 1777 quoque

266 1793 441 1834 Phaedra
472 1794 627 1834 crimini
658 1795 722 1835 dat
754 1795 906 1836 marito,

380 1863 550 1902 Tantum
582 1863 644 1903 ille
678 1863 875 1903 molestias
905 1863 996 1902 facit
1025 1863 1065 1902 in
1098 1863 1233 1903 Ovidio
1263 1876 1398 1903 versus
1435 1862 1502 1915 qui
1533 1863 1630 1902 duos
1662 1874 1778 1914 supra

267 1930 402 1970 allatos
445 1932 656 1983 praecedit:
704 1932 878 1980 „Illum
917 1931 1130 1972 Pirithoi
1161 1931 1351 1972 detinet
1386 1944 1464 1971 ora
1495 1931 1613 1971 sui“.
1673 1930 1784 1978 Quod

264 2000 324 2038 his
355 2000 482 2039 verbis
514 2000 766 2051 significatur,
800 2013 960 2052 regnum
994 2000 1157 2040 Pirithoi
1187 2014 1264 2052 quo
1285 2000 1437 2039 Thesus
1467 2000 1514 2039 ad
1536 1999 1782 2050 celebrandas

263 2067 377 2107 amici
407 2069 563 2122 nuptias
594 2071 791 2122 profectus
823 2075 915 2117 erat,
947 2069 985 2108 id
1016 2069 1089 2108 hoc
1120 2069 1202 2108 loco
1234 2080 1540 2108 commemorare
1570 2073 1609 2107 et
1639 2080 1783 2121 oppro-

265 2136 349 2175 brio
381 2137 470 2176 dare
501 2137 664 2185 Theseo,
697 2151 818 2191 paene
848 2139 1024 2190 ineptum
1057 2143 1117 2176 est
1146 2149 1271 2189 neque
1310 2137 1388 2177 ullo
1424 2138 1539 2176 modo
1578 2149 1781 2188 compara-

264 2203 339 2243 hile
371 2217 459 2244 cum
492 2204 554 2245 illa
587 2218 694 2245 mora
725 2219 822 2257 quae
854 2218 943 2245 eum
975 2205 1014 2244 in
1047 2205 1148 2245 Orco
1179 2204 1370 2245 retinebat
1409 2205 1484 2244 iam
1523 2217 1592 2258 per
1621 2204 1780 2257 quadri-

263 2272 425 2312 ennium
458 2273 490 2311 si
523 2274 709 2313 Senecam
741 2274 923 2314 audimus
956 2273 1085 2323 (838).
1145 2273 1192 2312 Et
1214 2273 1481 2313 Kalkmannus
1503 2273 1659 2325 quidem
1682 2286 1780 2325 quo-

262 2341 380 2380 modo
411 2354 456 2379 ex
492 2341 631 2381 tradita
661 2342 828 2382 lectione
860 2355 999 2381 sensus
1036 2341 1098 2380 ille
1130 2354 1244 2393 quem
1277 2341 1359 2381 vult
1396 2341 1459 2394 (ad
1492 2341 1636 2381 Orcum
1669 2353 1780 2393 spec—

262 2408 366 2459 tans)
399 2408 486 2448 elici
517 2409 653 2461 possit,
693 2422 763 2449 nec
794 2409 1076 2449 demonstravit
1113 2421 1238 2461 neque
1268 2410 1350 2462 ipse
1381 2409 1548 2449 multum
1592 2408 1780 2460 quaesivit

260 2490 297 2527 p.
330 2476 383 2515 36
406 2490 463 2527 sq.
525 2476 652 2523 Quare
698 2477 842 2516 iamdiu
880 2478 1097 2530 corruptela
1138 2477 1264 2529 aliqua
1308 2478 1426 2517 latere
1474 2477 1567 2516 mihi
1615 2476 1777 2516 videtur.

260 2545 408 2592 Quodsi
441 2545 586 2585 Birtius
616 2558 653 2598 p.
677 2546 810 2592 405,1
845 2552 1074 2599 corruptum
1107 2558 1191 2585 esse
1222 2546 1349 2586 locum
1381 2558 1458 2585 non
1491 2551 1601 2585 antea
1633 2558 1673 2585 se
1694 2558 1779 2585 cre-

260 2614 433 2654 diturum
466 2628 550 2654 esse
582 2614 687 2659 dicit,
719 2628 834 2667 quam
869 2615 1060 2656 detexeris
1092 2614 1164 2654 sub
1195 2627 1282 2654 ora
1313 2614 1405 2667 quid
1436 2615 1563 2659 lateat,
1594 2614 1642 2654 ad
1663 2614 1777 2655 dubi-

258 2685 425 2724 tationes
471 2685 563 2724 istas
602 2684 860 2736 profligandas
905 2685 1052 2724 dudum
1096 2684 1136 2723 in
1174 2690 1359 2735 promptu
1405 2684 1501 2723 mihi
1540 2689 1599 2722 est
1637 2683 1774 2723 idonea

257 2753 498 2792 coniectura:
538 2752 666 2792 scribo
705 2764 775 2804 pro
806 2751 1342 2794 dezanecora1dezmecfibra
1380 2751 1404 2791 i.
1436 2764 1469 2791 e.
1501 2751 1650 2791 detinet
1687 2764 1776 2791 um—

257 2823 345 2870 bra;
384 2823 423 2861 in
452 2834 527 2872 qua
556 2821 720 2861 lectione
749 2822 845 2860 nihil
866 2823 1011 2861 offensa
1032 2828 1104 2866 est,
1136 2821 1211 2860 nisi
1232 2821 1336 2872 quod
1357 2821 1529 2871 neglecta
1551 2820 1776 2860 condicione

253 2889 463 2943 loquentis,
495 2890 533 2929 in
567 2901 641 2942 qua
674 2901 752 2928 non
785 2895 964 2929 mortuus
994 2895 1076 2929 erat
1097 2888 1308 2937 Pirithous,
1340 2888 1561 2928 communis
1583 2888 1711 2942 potius
1738 2894 1776 2929 et
