1937 3315
820 177 1108 218 -35—

928 346 995 395 II.

324 447 358 485 1.
403 445 572 483 Transeo
601 440 718 492 igitur
747 440 793 479 ad
824 440 1078 488 Orestiam,
1109 454 1154 480 ex
1183 454 1257 493 qua
1288 442 1504 493 Iphigeniae
1535 455 1596 482 res
1628 442 1703 482 iam

209 516 420 557 attulimus.
467 511 594 552 Unum
616 508 719 562 quod
739 515 820 550 erat
838 508 952 561 idque
973 509 1137 562 amplius
1159 509 1204 551 de
1226 509 1374 551 Orestis
1395 511 1511 552 rebus
1532 524 1707 561 carmen,

212 585 269 637 (in
299 595 375 635 quo
406 579 643 620 restituendo
665 578 854 617 Robertus
884 585 1026 617 certam
1057 585 1096 618 et
1125 579 1285 618 solidam
1317 580 1415 619 viam
1446 580 1709 631 praestruxit),

210 653 257 692 ab
286 648 468 701 Euripide
505 659 584 686 non
624 645 841 697 neglectum
879 659 974 693 esse,
1012 659 1072 687 res
1103 646 1185 699 ipsa
1220 648 1413 696 clamaret,
1450 648 1602 689 etiamsi
1630 660 1710 688 non

211 720 352 759 diserto
382 720 576 756 constaret
604 713 839 754 testimonio.
899 714 1041 762 (Schol.
1069 714 1158 754 Eur.
1187 715 1252 755 Or.
1284 715 1394 765 268).
1445 715 1589 755 Tamen
1621 716 1711 755 reli-

210 787 320 839 quiae
350 783 517 824 auctoris
549 783 740 822 difficilius
760 782 1050 833 dignoscuntur,
1081 795 1170 822 cum
1191 783 1401 823 intercedat
1419 784 1595 836 Aeschyli
1625 796 1712 836 gra-

211 854 411 894 vissimum
442 851 672 903 exemplum,
703 850 805 902 quod
834 850 873 889 in
904 851 975 890 hac
1003 858 1125 890 aetate
1155 863 1310 903 semper
1328 857 1461 903 poetae
1491 852 1611 892 oculis
1641 853 1711 892 ob-

211 920 458 971 versaturffl).
516 920 573 958 Ad
612 920 710 958 hanc
739 918 906 958 auctoris
936 918 1224 969 ambiguitatem
1256 919 1452 971 pertinent
1482 943 1532 948 —
1566 926 1608 959 ut
1637 920 1712 960 mi-

211 989 337 1030 nutias
368 990 559 1041 proferam
588 1010 644 1015 -w
670 987 744 1035 illa,
778 993 819 1027 ut
854 987 884 1027 si
914 987 1045 1027 classis
1066 987 1297 1027 Graecorum
1318 985 1540 1038 χιλιόναυς
1562 988 1713 1041 saepius

211 1058 441 1110 appellatur3
473 1056 575 1096 velut
604 1056 636 1095 si
658 1056 813 1095 Orestes
836 1062 874 1095 et
893 1055 1053 1107 Pylades
1074 1056 1121 1095 ad
1141 1056 1294 1095 caedem
1315 1056 1437 1108 parati
1457 1056 1601 1108 pluries
1622 1069 1711 1096 cum

212 1125 344 1165 bestiis
364 1124 512 1164 duabus
533 1130 805 1176 comparantur
820 1123 904 1175 (Or.
921 1123 1058 1175 1272),
1079 1136 1167 1163 curn
1188 1123 1363 1163 leonibus
1385 1123 1435 1163 ib.
1454 1124 1573 1164 1401.
1593 1124 1712 1171 1555,

212 1205 299 1233 cum
330 1193 431 1245 apris
465 1192 591 1240 1460;
620 1198 747 1244 potest
775 1191 812 1230 id
843 1192 890 1231 ab
910 1192 1095 1243 Aeschylo
1125 1191 1286 1231 derivari
1317 1192 1362 1231 de
1392 1191 1528 1231 iisdem
1561 1192 1712 1232 dicente

212 1262 303 1301 Cho.
342 1259 422 1300 930
455 1258 581 1313 ἔμολε
612 1258 701 1306 δ’ἐς
731 1256 866 1312 δόμον
895 1256 972 1299 τὸν
999 1253 1314 1312 Ἀγαμέμνονος
1340 1259 1346 1312 Ι
1372 1257 1557 1307 διπλοῦς
1591 1258 1713 1307 λέων,

212 1328 395 1375 διπλοῦς
406 1326 544 1381 ’Ἀρης,
565 1341 797 1380 quamquam
820 1340 907 1367 cum
929 1328 1061 1367 eadem
1084 1328 1336 1367 similitudine
1357 1328 1403 1367 de
1421 1328 1563 1367 Helena
1581 1334 1713 1368 utatur

212 1397 296 1449 (Ag.
318 1396 428 1449 691),
449 1396 626 1448 cogitatio
647 1401 777 1436 nostra
797 1396 903 1435 facile
924 1395 962 1435 in
985 1395 1211 1435 veteriorem
1232 1395 1378 1448 poesin,
1403 1396 1502 1435 unde
1523 1396 1617 1435 haec
1637 1396 1713 1435 huc

212 1465 475 1511 redundarint,
506 1464 732 1503 deflectitur.
790 1464 871 1502 Alia
898 1464 973 1503 iam
994 1464 1289 1515 pervulgatiora:
1322 1477 1473 1503 summa
1494 1465 1575 1515 ipsa
1596 1477 1712 1515 argu-

213 1531 351 1579 menti;
386 1531 580 1571 lavacrum
619 1530 892 1583 perniciosum,
933 1544 1010 1583 quo
1047 1531 1198 1584 capitur
1233 1532 1499 1583 Agamemnon
1530 1530 1586 1570 El.
1620 1531 1711 1570 157.

216 1599 339 1646 1148;
365 1599 542 1651 bipennis
570 1613 645 1651 quo
662 1599 960 1651 Clytaemnestra
991 1599 1113 1639 utitur
1133 1599 1172 1638 in
1194 1600 1319 1647 caede,
1347 1600 1456 1651 isque
1483 1599 1557 1639 iam
1576 1599 1712 1639 obvius

213 1668 251 1706 in
279 1666 471 1719 prioribus
492 1667 640 1714 fabulis,
673 1666 760 1706 Hec.
786 1666 904 1706 1279.
936 1667 1022 1706 Tro.
1047 1666 1124 1707 361
1149 1670 1398 1719 (quamquam
1421 1668 1461 1707 in
1481 1667 1541 1706 his
1562 1667 1711 1706 duabus

213 1735 368 1786 vestigia
399 1735 608 1775 Stesichori
638 1748 726 1774 mox
754 1735 959 1786 legemus);
989 1748 1104 1787 porro
1125 1735 1295 1775 Electrae
1325 1747 1488 1787 persona
1519 1736 1554 1784 (a
1588 1734 1711 1775 Stesi-

213 1803 330 1843 choro
364 1804 549 1855 inducta),
589 1802 778 1855 Talthybii
815 1803 919 1842 senis
955 1808 1095 1854 partes,
1135 1802 1201 1854 qui
1232 1803 1408 1843 Orestem
1449 1802 1634 1842 infantem
1671 1803 1710 1841 in

212 1870 417 1909 Phocidem
451 1877 676 1917 servaverat,
707 1882 803 1921 quae
834 1876 927 1909 sunt
958 1871 996 1909 in
1026 1871 1236 1918 Electra⁴⁴3
1272 1883 1342 1909 nec
1379 1883 1457 1909 non
1488 1883 1585 1921 quae
1615 1870 1714 1909 ludit

211 1937 419 1990 Aeschylus
459 1938 498 1977 in
530 1938 691 1977 Helenae
731 1937 888 1977 nomine
919 1937 1125 1977 recoluisse
1157 1938 1306 1978 videtur
1335 1937 1537 1990 Euripides
1571 1937 1710 1977 Troad.

213 2003 445 2046 891—893.
504 2006 635 2045 Paullo
672 2005 814 2045 certius
851 2005 1008 2044 iudicari
1047 2012 1175 2057 potest
1213 2006 1259 2045 de
1297 2005 1370 2045 his.
1443 2005 1620 2045 Primum
1666 2006 1713 2045 de

212 2072 381 2113 Electrae
411 2074 578 2113 nominis
609 2073 817 2124 veriloquio
848 2073 913 2112 Or.
936 2073 988 2112 72
1018 2073 1083 2124 (cf.
1105 2073 1221 2125 663):

427 2142 625 2194 παρθένε
656 2140 819 2193 μακρὸν
848 2139 899 2194 δὴ
931 2141 1065 2194 μῆκος
1086 2138 1294 2194 Ἠλέκτρα
1322 2138 1491 2193 χρόνου,

213 2208 314 2258 quod
329 2209 516 2260 repetitur
527 2209 574 2249 ab
583 2195 738 2248 Atiliano
749 2208 834 2248 Var.
847 2208 944 2249 Hist.
956 2208 1004 2248 IV
1018 2208 1083 2256 26,
1099 2222 1176 2260 quo
1194 2209 1239 2248 de
1255 2209 1338 2249 loco
1350 2208 1495 2249 Aeliani
1512 2208 1713 2261 disputans

211 2273 287 2313 iam
303 2275 494 2316 Robertus
518 2276 668 2316 monuit
688 2289 708 2315 a
725 2276 898 2316 Doriensi
913 2276 1041 2328 aliquo
1059 2277 1215 2317 homine
1232 2277 1486 2329 veriloquium
1507 2277 1600 2317 illud
1621 2289 1713 2329 pro-

211 2342 354 2381 fectum
384 2356 468 2383 esse
499 2344 725 2393 necessarie,
757 2351 871 2397 atque
902 2346 1064 2385 fortasse
1094 2358 1115 2384 a
1147 2344 1367 2385 Stesichoro
1404 2344 1501 2397 ipso.
1560 2344 1712 2385 Etenim

322 2489 363 2529 ⁴³)
389 2490 563 2533 Sophoclis
586 2491 741 2532 Electra,
764 2501 846 2533 quae
871 2491 976 2524 adhuc
996 2491 1205 2524 intercedere
1226 2491 1435 2530 credebatur,
1461 2489 1640 2523 omittenda
1663 2494 1715 2522 est

213 2550 380 2587 postquam
408 2547 692 2580 Wilamowitzius
734 2548 852 2581 subtili
884 2547 1110 2591 disputatione
1149 2547 1372 2590 posteriorem
1416 2547 1507 2579 illam
1534 2546 1712 2590 Euripiden

213 2599 346 2634 Electra
380 2613 454 2636 esse
485 2604 652 2647 probavit.
700 2603 794 2636 Addo
828 2606 867 2638 de
898 2609 1081 2648 temporum
1108 2604 1239 2637 ratione
1264 2603 1481 2647 Sophocleum
1506 2602 1715 2645 tragoediam

213 2663 289 2689 aute
322 2669 441 2692 annum
474 2661 539 2693 408
571 2661 700 2694 doctam
731 2672 804 2694 esse
838 2662 1046 2701 necessarie,
1077 2672 1150 2693 cum
1179 2661 1359 2704 Euripides
1393 2661 1428 2692 in
1459 2660 1582 2693 Oreste
1612 2672 1645 2693 v.
1672 2660 1714 2692 23

213 2713 285 2754 (illo
314 2724 399 2747 anno
438 2716 552 2758 docta)
584 2722 621 2751 ut
646 2717 901 2762 Chrysothemin
934 2716 1201 2750 obscurissimam
1227 2717 1443 2760 protraheret
1466 2716 1559 2748 nulla
1584 2717 1715 2749 ratione

214 2769 370 2804 inductus
396 2779 498 2814 esset,
531 2775 597 2807 nisi
625 2776 870 2817 praecessisset
895 2774 1093 2817 Sophocles,
1130 2776 1186 2815 qui
1217 2775 1279 2806 illa
1303 2784 1444 2816 persona
1478 2774 1649 2813 indigebat
1673 2774 1713 2805 ad

214 2829 319 2857 totum
343 2827 501 2861 dramatis
526 2831 578 2863 sui
602 2831 779 2864 consilium
803 2831 1067 2875 perpetrandum.
1116 2828 1157 2862 cf.
1184 2829 1424 2863 Wilamowitz.
1455 2840 1486 2872 p.
1503 2829 1579 2861 236.

324 2884 367 2926 ⁴⁴)
390 2896 422 2916 v.
450 2887 487 2918 de
513 2889 563 2919 his
590 2890 741 2921 omuibus
766 2888 901 2922 Robert.
950 2888 1022 2921 Bild
1046 2899 1077 2920 u.
1101 2887 1194 2929 Lied,
1219 2899 1246 2930 p.
1269 2888 1330 2921 172
1347 2898 1394 2929 sq.

1460 2943 1504 2976 3*
