1937 3315
817 151 1110 193 —31—

444 265 605 321 ἔγημας
636 265 828 308 ἄκουσάν
860 281 912 318 με
942 264 1127 320 κᾶλαβες
1156 269 1251 320 βίᾳ,

443 333 520 375 τὸν
549 332 754 387 πρόσθεν
784 333 922 389 ἄνδρα
959 332 1183 377 Τάνταλον
1213 334 1506 385 κατακτανών,

449 399 611 455 βρέφος
639 417 684 441 τε
714 399 876 455 τούμὸν
904 402 967 457 σῷ
995 401 1291 456 προσούρισας
1321 400 1461 456 πάλῳ.

441 469 617 522 μαστῶν
645 470 804 521 βιαίως
833 469 920 510 τῶν
948 468 1064 523 ἒμῶν
1094 465 1376 518 ἀποσπάσας.

450 537 522 578 καὶ
553 535 611 577 τώ
644 534 754 585 Διός
781 552 829 588 γε
859 536 994 578 παῖδ’
1025 536 1116 590 ἐμώ
1144 552 1191 578 τε
1221 537 1419 589 συγγόνω
1455 581 1457 583 μ

443 610 628 647 ἵπποισι
659 605 956 659 μαρμαίροντ’
987 605 1407 661 ἐπεστρατευσάτην·

450 673 594 727 πατὴρ
625 672 673 713 δὲ
705 674 897 726 πρέσβυς
933 671 1187 727 Τυνδάρεώς
1218 674 1261 714 σ’
1291 672 1501 726 ἐρρύσατο

440 736 584 794 ἱκέτην
612 737 859 793 γενόμενον,
891 736 1007 793 τᾶμοὶ
1040 739 1085 781 δ’
1117 739 1236 792 ἔσχες
1266 733 1321 782 αὖ
1352 741 1467 796 λέχη.

196 808 446 848 Grammatici
495 814 644 847 veteres
680 807 748 859 qui
786 820 982 848 summam
1020 808 1171 848 fabulae
1211 809 1379 848 afferunt
1419 810 1565 857 (Schol.
1597 811 1710 850 Hom.

195 874 221 916 λ
258 875 356 928 430)
395 876 468 917 etsi
513 889 621 916 more
651 889 723 916 suo
753 875 800 915 de
830 875 1027 915 nonnullis
1058 873 1258 927 (,,ἐ’νιοι“)
1289 876 1512 917 auctoribus
1542 877 1712 929 loquun-

196 951 277 993 tur,
319 952 448 985 tamen
501 951 654 997 praeter
695 943 919 996 Euripidem
971 955 1087 994 quem
1138 943 1260 982 citant
1303 950 1501 983 auctorem
1545 946 1710 993 nullum,

194 1020 297 1054 certe
336 1013 596 1066 antiquiorem
627 1013 825 1053 neminem
857 1012 1040 1052 habuisse
1071 1011 1262 1051 videntur.
1331 1011 1543 1053 Pausaniae
1574 1020 1710 1054 aucto-

194 1094 268 1128 res,
290 1081 357 1133 qui
378 1081 547 1120 fabulam
570 1081 755 1120 exhibent
775 1080 954 1127 breviter,
977 1086 1124 1132 patrem
1148 1078 1299 1118 Tantali
1319 1080 1481 1119 huiusce
1502 1081 1708 1132 Thyestem

193 1156 332 1189 vocant
371 1147 507 1199 (ΙΙ-18,
531 1148 568 1188 2.
591 1148 657 1196 22,
680 1148 723 1199 4)
761 1153 829 1188 aut
858 1148 1039 1187 Broteam
1078 1146 1129 1199 (ΙΙ
1150 1146 1216 1193 22,
1239 1147 1293 1195 4).
1352 1146 1510 1195 Fabula,
1549 1148 1710 1189 Timan-

193 1217 305 1256 dreae
336 1217 438 1256 haud
468 1216 667 1263 absimilis,
697 1215 893 1267 antiquior
923 1221 994 1262 est,
1027 1221 1143 1266 atque
1163 1214 1324 1253 forsitan
1346 1221 1580 1267 prototypon
1602 1216 1705 1256 illius

191 1284 309 1324 fuerit
352 1284 403 1324 ita
448 1284 619 1336 quidem,
665 1290 709 1324 ut
746 1283 924 1323 homines
965 1282 1128 1332 (scilicet
1157 1281 1380 1333 Dorienses)
1421 1282 1458 1322 id
1498 1296 1575 1323 non
1615 1284 1708 1324 satis

192 1351 378 1391 habentes
421 1351 538 1391 etiam
585 1352 686 1391 ultro
732 1352 830 1390 hanc
874 1350 1128 1403 Tyndaridem
1175 1362 1216 1388 se
1254 1350 1429 1401 coniugis
1469 1351 1707 1391 interfectori

192 1420 348 1459 dantem
381 1419 655 1471 fingerent402).
715 1418 920 1458 Tantalum
958 1417 1087 1470 ipsum
1119 1429 1198 1456 non
1231 1417 1345 1457 modo
1375 1417 1706 1470 antiquissimum,

191 1489 259 1527 sed
288 1500 337 1526 ne
367 1500 388 1525 a
418 1487 659 1526 nobilissimo
678 1486 835 1537 quidem
857 1485 1030 1531 Tantalo,
1060 1484 1204 1524 Niobae
1234 1491 1354 1536 patre,
1378 1486 1574 1526 diversum
1596 1494 1704 1539 puto,

189 1565 278 1592 cum
311 1553 532 1605 sepulcrum
564 1552 728 1591 iunioris
759 1551 862 1591 illius
894 1558 1157 1591 monstrarent
1188 1552 1297 1603 Argis
1328 1553 1502 1604 proxime
1533 1555 1653 1595 situm
1685 1570 1705 1596 a

190 1621 332 1661 Niobae
371 1621 494 1674 ipsius
525 1621 652 1660 busto.
712 1620 957 1672 Quamquam
990 1620 1178 1671 grassavit
1206 1619 1246 1659 in
1277 1621 1384 1660 hisce
1415 1622 1576 1671 notitiis,
1607 1623 1707 1664 sicut

190 1690 407 1737 traduntur,
430 1690 692 1742 posteriorum
714 1688 884 1728 inscitia:
907 1688 1112 1728 Tantalum
1135 1701 1213 1728 non
1234 1688 1310 1729 iam
1333 1689 1476 1741 fingere
1499 1691 1572 1731 sibi
1593 1698 1705 1744 pote-

186 1764 276 1797 rant
296 1757 371 1797 nisi
391 1755 635 1810 Lydum⁴⁰¹³>3
656 1769 775 1808 quare
796 1758 830 1797 si
849 1746 888 1796 'id
910 1769 1053 1796 nomen
1069 1756 1180 1808 Argis
1202 1757 1473 1809 antiquissimo
1495 1759 1580 1799 loco
1601 1761 1704 1800 fere-

188 1826 312 1874 batur,
353 1825 400 1865 ad
436 1825 625 1865 iuniorem
668 1825 873 1865 Tantalum
910 1825 946 1864 id
988 1824 1218 1864 referebant.
1289 1825 1349 1873 (ln
1389 1825 1532 1866 Niobae
1573 1827 1704 1867 fabula

187 1893 425 1932 contrarium
456 1894 601 1940 evenit3
632 1906 675 1932 ea
705 1893 920 1944 antiquitus
947 1892 987 1931 in
1009 1892 1129 1944 Sipyli
1149 1892 1304 1943 regione
1327 1894 1547 1945 pervulgata
1569 1902 1704 1947 poste—

186 1961 287 2001 riore
318 1966 441 2000 aetate
472 1961 511 2000 in
543 1961 699 2013 propria
731 1960 899 2008 Graecia,
932 1960 1076 2000 Thebis
1109 1959 1286 2008 maxime,
1325 1960 1453 2017 locum
1485 1962 1622 2002 habuit
1650 1963 1703 2002 ita

188 2035 231 2069 ut
267 2029 453 2068 memoria
490 2041 588 2080 quae
625 2035 708 2069 erat
746 2029 793 2068 de
822 2028 960 2080 Argiva
1004 2027 1152 2080 origine
1182 2034 1220 2068 et
1249 2028 1455 2069 Phoroneo
1485 2036 1594 2082 patre
1625 2043 1703 2070 non

186 2096 475 2149 obliteraretur)
484 2096 549 2146 ⁴¹).

277 2232 337 2271 ⁴⁰¹¹)
363 2242 556 2273 quamquam
582 2232 728 2274 Phyleus
755 2243 818 2262 non
845 2231 1030 2263 Echemona
1055 2230 1235 2264 interfecit.

274 2287 335 2332 ⁴⁰¹³)
360 2288 407 2321 Re
433 2298 515 2321 vera
539 2286 673 2321 Tantali
698 2287 784 2320 fama
811 2297 873 2319 non
899 2286 1003 2329 magis
1031 2286 1161 2331 Lydiae
1188 2287 1328 2329 originis
1350 2293 1411 2328 est,
1436 2299 1531 2331 quam
1553 2288 1701 2333 Pelopis,

184 2356 278 2388 quem
304 2346 467 2378 Graecum
502 2346 681 2385 genuinum
713 2355 787 2376 esse
820 2345 1063 2376 demonstravit
1098 2343 1236 2377 Robert.
1287 2347 1318 2376 B.
1354 2357 1386 2377 u.
1422 2345 1456 2378 L.
1491 2357 1521 2388 p.
1542 2346 1615 2385 187,
1640 2346 1700 2386 35;

183 2403 279 2436 cuius
303 2402 513 2435 adnotationi
536 2402 620 2434 addo
646 2401 751 2434 schol.
777 2405 842 2433 vet.
866 2400 959 2433 Pind.
989 2400 1040 2433 01.
1058 2399 1108 2432 lx
1127 2401 1176 2433 15.
1212 2398 1232 2434 ὁ
1251 2402 1380 2445 Πέλοψ
1404 2399 1494 2435 κατὰ
1514 2402 1583 2446 μέν
1602 2412 1701 2438 τινας

181 2457 315 2500 Λυδός,
340 2458 427 2492 κατὰ
454 2458 498 2492 δέ
519 2470 616 2496 τινας
637 2455 740 2504 Φρὺξ
762 2454 785 2500 ἥ
807 2455 1031 2503 Παφλαγών,
1054 2456 1144 2492 κατὰ
1165 2458 1204 2493 δὲ
1224 2456 1434 2493 Αὐτεσίωνα
1448 2457 1632 2503 Ἀχαιός.
1655 2478 1700 2483 -

293 2516 337 2559 ⁴¹)
363 2515 490 2558 Quodsi
518 2517 551 2548 in
576 2516 713 2549 maioris
728 2514 863 2548 Tantali
888 2516 1040 2558 regione,
1066 2517 1098 2548 in
1113 2517 1244 2559 Sipylo,
1270 2518 1311 2549 de
1335 2518 1431 2550 cuius
1454 2515 1577 2549 fabulis
1596 2526 1699 2559 popu-

182 2573 311 2605 laribus
351 2572 534 2604 Pausanias
572 2573 643 2615 ipse
677 2572 818 2604 idoneus
853 2573 955 2604 testis
986 2577 1052 2612 est,
1089 2573 1229 2605 Broteas
1254 2573 1391 2606 Tantali
1423 2574 1507 2611 (scil.
1542 2573 1697 2613 maioris)

184 2630 275 2663 filius
308 2629 492 2672 dicebatur,
524 2639 619 2672 quem
645 2628 798 2661 Broteam
831 2639 916 2661 nuuc
947 2628 1253 2662 iunioris‘Tantali
1284 2634 1413 2672 patrem
1437 2629 1506 2662 dici
1532 2630 1698 2670 videmus,

181 2687 259 2720 inde
279 2692 454 2730 utrumque
474 2687 652 2719 Tantalum
672 2687 809 2719 eundem
833 2697 909 2719 esse
923 2687 1065 2718 nondum
1082 2687 1208 2728 evadit,
1224 2698 1297 2720 cum
1311 2688 1543 2730 mythographi
1557 2688 1695 2720 invento

183 2745 285 2777 semel
311 2744 440 2778 minore
467 2744 610 2777 Tantalo
637 2744 790 2777 Broteam
815 2744 912 2776 illum
937 2742 1038 2779 facile
1063 2754 1241 2777 accersere
1259 2745 1440 2787 potuerint.
1478 2744 1559 2778 Plus
1583 2745 1697 2778 valent

180 2802 279 2835 haee:
314 2802 481 2846 Thyestes
518 2807 553 2834 et
584 2802 749 2835 Tantalus
779 2803 931 2844 proxime
962 2802 1052 2834 inter
1082 2812 1118 2834 se
1152 2803 1295 2836 connexi
1327 2808 1405 2836 suut
1437 2808 1577 2836 cruento
1603 2813 1696 2836 more

181 2859 414 2892 vetustissimo
448 2859 613 2891 hominum
640 2859 925 2899 immolandorum,
957 2859 1015 2902 qui
1040 2859 1232 2892 diutissime
1259 2861 1292 2891 in
1320 2860 1478 2901 Arcadia,
1504 2860 1537 2892 in
1568 2859 1696 2903 Lycaei
