1937 3315
846 177 1133 218 ...78-

233 295 413 334 obruitur
443 301 561 346 atque
594 295 745 333 irritum
778 295 941 333 reddere
974 295 1126 333 facinus
1158 301 1242 333 toto
1273 296 1406 333 animo
1437 296 1580 334 studet.
1643 298 1746 335 Hanc

231 363 350 402 animi
388 375 583 403 summam
625 362 957 415 perturbationem
998 369 1042 402 ut
1079 363 1305 403 ostenderet
1347 363 1522 415 satisque
1566 368 1747 404 uteretur

233 438 434 471 momento
465 444 616 471 summa
648 431 757 483 poesi
788 431 916 481 digno,
957 436 1070 483 poeta
1101 432 1315 483 prudenter
1344 443 1422 471 non
1452 431 1574 485 ipsam
1607 432 1697 471 fecit
1726 446 1746 472 e

232 514 346 540 scena
381 501 662 552 egredientem,
694 500 956 539 festinantem.
989 501 1055 539 sed
1078 513 1186 539 servo
1209 513 1302 540 usus
1323 506 1393 547 est,
1426 513 1543 553 quem
1567 513 1746 540 summo-

230 581 323 621 pere
344 569 502 609 domina
525 568 706 620 instigat3
737 569 808 607 hac
836 568 1115 608 tantummodo
1142 580 1274 608 rerum
1304 568 1534 609 condicione
1564 568 1744 621 explicari

231 651 347 690 posse
379 638 550 677 rabidam
585 637 696 676 istam
721 636 1021 683 festinationem,
1053 649 1149 688 quae
1180 636 1217 675 in
1239 637 1285 676 fr.
1307 636 1395 676 XIII
1416 644 1454 677 et
1477 637 1555 677 XIV
1577 638 1745 684 iubetur,

230 711 336 745 recte
377 706 471 745 vidit
500 704 750 744 Ribbeckius.
811 705 885 745 Sed
918 705 1024 745 locus
1062 705 1123 743 ille
1163 704 1227 743 ubi
1260 706 1446 745 cremavit
1478 711 1600 745 mater
1631 706 1744 745 fatale

230 775 392 827 lignum,
424 787 538 826 quem
571 774 726 825 longius
758 773 894 813 abesse
925 786 944 812 a
977 785 1089 812 scena
1121 778 1159 811 et
1190 774 1400 813 domestica
1431 787 1495 813 ara
1527 774 1744 827 oportebat,

230 845 297 897 qui
329 842 428 884 fuit?
475 842 576 882 Num
614 842 715 882 forte
754 841 793 882 in
826 843 989 882 fratrum
1022 847 1217 882 recentem
1252 855 1387 894 rogum
1411 843 1631 882 coniecerat
1653 842 1744 882 illud

229 911 356 952 irata?
402 911 580 950 Ovidium
623 910 730 961 (Met.
762 911 845 949 VIII
876 909 973 958 480)
1016 911 1046 948 si
1087 911 1279 955 audimus,
1323 911 1382 949 illa
1424 911 1588 950 fratrum
1629 914 1745 949 “ante

230 980 491 1034 sepulchrales
531 978 661 1018 infelix
700 978 849 1018 adstitit
887 977 1007 1024 aras'',
1047 983 1084 1018 et
1115 978 1287 1030 profecto
1320 984 1361 1018 ut
1392 978 1493 1019 intra
1524 978 1745 1031 tragoediae

231 1050 410 1099 (fortasse
447 1048 560 1087 etiam
600 1047 716 1086 unius
755 1047 910 1097 cantici)
945 1048 1041 1086 fines
1073 1047 1321 1098 sepulchrum
1359 1053 1593 1091 exstruatur,
1631 1047 1742 1086 Euri-

229 1118 350 1170 pides,
382 1129 498 1169 quem
521 1116 678 1168 quidem
701 1115 883 1168 Polyidus
906 1115 1044 1167 arguit,
1075 1115 1233 1154 minime
1255 1115 1511 1156 abhorruerit.
1573 1116 1743 1167 Tragoe-

229 1188 312 1226 diae
355 1186 453 1225 ratio
494 1185 665 1237 postulat
701 1192 743 1223 ut
775 1189 965 1222 mutatum
998 1184 1176 1224 Althaeae
1209 1185 1425 1232 consilium,
1457 1198 1533 1237 quo
1565 1185 1742 1224 ardorem

230 1254 359 1294 subito
392 1253 722 1304 exstinguendum
757 1257 879 1297 curat,
911 1252 1136 1299 frustretur,
1174 1260 1216 1291 ut
1249 1253 1323 1291 iam
1361 1253 1639 1293 decramaverit
1669 1253 1742 1291 ille.

229 1323 463 1374 Meleagrum
496 1322 614 1374 igitur
645 1320 847 1360 absentem
882 1332 899 1358 a
932 1333 1043 1360 scena
1077 1321 1235 1372 defungi
1268 1334 1424 1361 necesse
1462 1327 1531 1360 est.
1593 1321 1742 1369 Quam-

229 1404 345 1442 quam
380 1404 473 1431 num
507 1390 629 1429 forte.
672 1396 715 1427 ut
747 1389 784 1428 in
819 1390 970 1428 vasculo
998 1390 1237 1429 Armentano
1268 1390 1415 1441 pictum
1449 1395 1528 1435 est,
1567 1402 1743 1428 commo-

227 1460 333 1499 riens
366 1460 402 1497 in
436 1470 590 1497 scenam
621 1461 845 1509 asportetur
875 1469 996 1507 pauca
1026 1457 1230 1496 etiamtum
1262 1463 1305 1495 ut
1333 1458 1584 1510 Hippolytus,
1617 1457 1743 1509 Eury—

227 1528 376 1574 stheus,
409 1526 664 1572 Erechtheus,
696 1525 880 1564 Hercules
913 1525 1153 1576 Sophocleus
1186 1525 1298 1564 verba
1329 1526 1522 1572 facturus,
1556 1538 1742 1577 quaerere

228 1596 366 1651 possis.
430 1594 504 1635 Sed
539 1593 720 1647 exiguum
762 1592 860 1633 vitae
899 1593 1063 1635 scintilla
1095 1593 1133 1633 in
1172 1606 1285 1634 scena
1324 1593 1480 1635 demum
1512 1593 1764 1648 exspiranda'

227 1668 265 1706 in
299 1680 344 1706 eo
376 1671 527 1717 poterat
558 1664 743 1715 relinqui.
778 1663 842 1715 qui
874 1664 991 1702 armis
1023 1664 1076 1702 vel
1109 1664 1187 1713 igni
1221 1664 1277 1702 vel
1308 1664 1419 1715 equis
1449 1665 1499 1703 ita
1530 1676 1741 1716 percussus

228 1735 425 1787 etiamque
457 1732 663 1773 dilaniatus
695 1737 815 1775 esset,
854 1737 897 1770 ut
936 1731 1133 1771 manifesti
1172 1731 1300 1771 obitus
1336 1731 1499 1771 nuntius
1535 1732 1608 1772 iarn
1651 1738 1740 1772 ante

226 1791 341 1854 quam
376 1802 438 1841 ille
461 1800 717 1840 novissimum
743 1800 988 1851 exspirasset,
1020 1801 1182 1839 domum
1205 1801 1391 1851 reportari
1415 1807 1571 1852 posset,
1601 1807 1635 1839 at
1658 1813 1738 1839 non

225 1871 327 1910 idem
361 1870 511 1916 licebat,
545 1868 608 1907 ubi
642 1868 791 1907 nullum
826 1868 965 1906 vulnus
997 1867 1206 1907 instantem
1239 1868 1387 1908 iuvenis
1425 1875 1592 1908 mortem
1622 1869 1738 1908 sociis

225 1938 439 1984 indicabat,
470 1938 524 1977 ita
557 1943 600 1977 ut
631 1950 681 1976 ne
721 1936 890 1988 cogitare
921 1936 1077 1988 quidem
1111 1943 1272 1989 possent
1303 1938 1349 1977 de
1382 1937 1598 1984 moriendo,
1630 1938 1739 1989 prius

226 2020 342 2061 quam
385 2013 600 2046 extremum
640 2005 853 2057 suspirium
893 2017 1049 2044 omnem
1089 2006 1312 2045 sustulisset
1350 2005 1652 2054 dubitationem3
1691 2019 1738 2046 an

226 2090 272 2116 ex
302 2083 449 2123 ventre,
483 2088 527 2115 ex
559 2075 698 2126 capite,
730 2074 861 2113 nescio
894 2075 1009 2121 unde,
1041 2074 1274 2126 Meleagrum
1307 2076 1474 2127 graviter
1504 2075 1677 2115 laborare
1698 2076 1738 2115 in

225 2157 382 2186 scenam
416 2144 599 2195 tragicam
632 2140 908 2183 referebatur?
939 2142 1033 2181 Vide
1065 2142 1179 2195 igitur
1209 2156 1325 2196 quam
1356 2150 1459 2184 recte
1480 2143 1738 2196 Apollodorus

224 2213 345 2252 dicat:
393 2210 601 2265 ἐξαίφνης
632 2206 878 2257 ἀπέθανεν,
918 2211 1019 2262 quod
1057 2223 1105 2249 ne
1148 2212 1317 2263 pedestri
1353 2217 1391 2251 et
1430 2211 1516 2250 exili
1547 2212 1738 2251 narratori

225 2281 383 2327 tribuas,
415 2280 611 2332 Euripidis
642 2285 771 2331 specta
803 2281 1066 2330 fragmentum
1090 2277 1185 2324 961,
1216 2279 1275 2319 cui
1307 2279 1410 2319 inter
1432 2279 1533 2320 illius
1556 2280 1733 2319 dramata

224 2361 338 2400 aegre
369 2348 453 2387 loco
484 2348 606 2387 ullum
639 2346 820 2386 habueris
851 2346 1067 2398 aptiorem:

469 2412 491 2456 ὁ
524 2408 662 2467 δ’ἄρτι
694 2412 878 2455 θάλλων
909 2411 1048 2467 σάρκα
1077 2412 1285 2469 διοπετὴς
1315 2411 1435 2462 ὅπως

468 2477 604 2536 ἀστὴρ
636 2480 828 2536 ἀπέσβη,
862 2480 1014 2535 πνεῦμ’
1046 2480 1175 2536 ἀφεὶς
1206 2484 1268 2530 εἷς
1297 2483 1479 2536 αἰθέρα,

221 2552 262 2590 in
285 2550 427 2602 quibus
448 2551 643 2602 praeclare
664 2556 778 2603 poeta
803 2548 976 2604 ἀπέσβη
999 2551 1197 2591 dicentem
1218 2551 1311 2591 facit
1338 2551 1536 2598 nuntium,
1568 2551 1736 2591 inscium

223 2632 341 2671 quam
372 2631 493 2670 prope
524 2619 647 2671 ipsam
683 2619 836 2658 mirifici
867 2620 933 2659 leti
964 2632 1122 2659 causam
1152 2621 1330 2671 attingat.

334 2688 414 2728 Iam
461 2687 586 2728 obiter
628 2687 729 2727 vasis
774 2687 876 2728 illius
908 2688 1135 2728 Armentani
1173 2688 1365 2740 picturam
1410 2688 1542 2740 tetigi,
1584 2688 1738 2728 scenico

221 2757 393 2809 quodam
434 2757 561 2794 colore
599 2756 809 2808 insignem,
847 2757 1023 2808 quamvis
1061 2768 1141 2795 non
1180 2756 1378 2808 singulum
1419 2763 1618 2796 certumve
1649 2757 1737 2795 dra-

221 2826 336 2867 matis
372 2830 619 2865 momentum
657 2825 961 2877 exprimentem3
1001 2839 1118 2878 quam
1158 2825 1351 2866 artificum
1389 2825 1607 2866 libertatem
1645 2825 1738 2865 satis

221 2895 416 2946 cognitam
449 2898 487 2931 et
519 2897 712 2931 assuetam
744 2892 945 2931 habemus.
996 2893 1131 2932 Tendo
1155 2894 1201 2932 ad
1222 2906 1307 2932 rem
1330 2894 1443 2944 longe
1465 2893 1734 2931 difficiliorem.
