1937 3315
851 173 1136 213 -23-

231 294 373 346 absque
395 292 509 333 Diana
542 291 643 331 inter
674 291 764 330 deos
796 294 1001 342 receptam.
1062 289 1109 330 Et
1135 289 1228 330 haec
1250 288 1332 342 ipsa
1364 288 1615 335 consecratio,
1646 301 1745 341 quae

231 374 316 401 cum
341 360 558 412 Iphigeniae
579 359 617 396 in
640 358 819 397 Hecatam
849 364 1019 397 mutatae
1039 359 1165 397 fabula
1194 357 1405 408 multisque
1426 357 1508 396 aliis
1530 356 1744 409 comparari

230 433 368 481 potest,
401 425 571 467 ostendit
600 438 714 478 quam
746 438 824 465 non
856 425 1004 465 diversa
1034 425 1125 465 olim
1156 438 1176 465 a
1207 425 1326 465 Diana
1355 424 1437 477 ipsa
1465 424 1651 465 Philonoa
1681 424 1744 464 illa

229 497 367 543 fuerit;
389 495 491 546 quod
510 494 740 533 confidentia
758 495 921 545 quadam
939 496 1111 546 proferre
1127 506 1172 533 eo
1190 494 1318 533 minus
1336 505 1527 539 veremur,
1545 493 1633 543 quia
1649 492 1744 531 Phi-

228 563 340 603 lonoa
370 561 476 602 audit
497 561 611 601 etiam
636 561 939 614 Bellerophontis
970 561 1072 601 socia
1093 561 1282 601 Corinthii
1303 560 1493 613 (Apollod.
1515 560 1549 599 Il
1570 560 1609 606 3,
1631 560 1670 607 2,
1687 560 1742 607 3),

228 630 338 669 cuius
368 641 531 681 persona
563 629 682 668 solem
716 628 922 680 significari
952 628 1063 679 longe
1094 628 1243 667 diversa
1273 628 1331 667 via
1362 635 1401 667 et
1427 629 1576 668 ratione
1598 628 1743 667 iamdiu

227 696 479 748 cognovimus
501 719 554 724 ——
575 697 678 748 quod
708 708 899 748 exponere
921 696 983 735 hic
1011 696 1168 746 longum
1201 702 1261 735 est
1280 696 1410 746 -²⁹).
1461 696 1605 735 Eodem
1629 697 1743 735 deve-

227 763 358 803 nimus
389 762 420 802 si
451 763 498 802 de
517 762 691 815 Euopide
720 763 943 815 quaerimus
973 763 1305 815 argumentatione
1336 763 1397 802 usi
1422 763 1523 803 futili
1552 771 1592 803 et
1611 763 1743 803 illicita

228 831 290 870 ubi
312 832 411 870 forte
432 831 479 870 de
499 831 633 870 ancilla
655 831 793 883 aliqua,
815 844 994 871 concessa
1016 837 1055 871 et
1074 831 1361 871 accommodata
1382 831 1449 870 ubi
1470 832 1516 870 (le
1537 833 1740 871 Castorum

225 911 356 939 sorore
372 898 510 950 agitur.
555 899 706 939 Etenim
725 899 818 951 Upis
835 900 893 939 vel
911 899 1005 951 Opis
1022 911 1237 950 cognomen
1254 912 1339 938 esse
1355 898 1507 946 Dianae,
1529 898 1604 937 nisi
1622 905 1742 938 testa-

225 973 335 1007 retur
351 967 712 1007 diserteAlexander
721 968 878 1007 Aetolus
895 967 1025 1019 p.225
1043 967 1156 1006 Mein.
1170 966 1372 1018 (cf.Etym.
1387 967 1434 1005 M.
1449 980 1479 1005 s.
1493 967 1557 1017 v.)‚
1575 967 1745 1006 eluceret

228 1041 354 1075 tamen
374 1040 414 1074 et
433 1047 480 1074 ex
500 1035 632 1087 mytho
654 1034 735 1074 Deli
755 1034 914 1082 insulae,
945 1034 1013 1086 qui
1033 1040 1093 1074 est
1113 1035 1160 1074 de
1181 1033 1391 1086 virginibus
1409 1033 1677 1087 Hyperboreis,
1702 1039 1741 1073 et

226 1116 272 1142 ex
293 1109 409 1142 cantu
430 1102 730 1142 Troezeniorum
753 1102 892 1141 Dianae
924 1115 1044 1149 sacro,
1074 1103 1142 1153 qui
1167 1100 1340 1151 Οὕπιγξ
1369 1102 1577 1141 vocabatur
1598 1103 1740 1153 (Schol.

226 1170 346 1223 Apoll.
368 1170 440 1210 Rh.
467 1171 501 1217 1,
520 1169 691 1221 972)³0).
752 1169 843 1209 Inde
873 1169 991 1221 igitur
1019 1166 1212 1216 Εὗῶπις.
1244 1192 1298 1197 —
1328 1169 1376 1209 Et
1405 1169 1509 1221 quod
1541 1169 1738 1209 Phoebam

224 1238 364 1278 attinet
402 1244 552 1291 poterat
588 1240 761 1290 profecto
801 1238 903 1277 ultro
944 1238 1062 1278 statui
1101 1243 1297 1278 auctorem
1334 1250 1423 1277 eum
1461 1238 1525 1289 (ab
1562 1237 1743 1290 Euripide

173 1300 177 1305 “
226 1306 464 1352 consultum)
500 1306 566 1357 qui
606 1306 854 1345 Timandram
892 1306 1135 1346 notissimam
1175 1305 1372 1345 omitteret
1407 1305 1635 1345 auctoritate
1671 1305 1743 1346 niti

225 1374 379 1426 propria
410 1387 481 1413 nec
512 1375 633 1414 multo
665 1375 814 1414 minore
845 1387 961 1426 quam
991 1374 1190 1414 Hesiodea.
1250 1374 1352 1413 Talis
1382 1374 1458 1413 fuit
1480 1374 1740 1421 Stesichorus,

225 1454 355 1493 quem,
388 1448 431 1481 ut
457 1442 638 1489 vidimus,
668 1442 707 1481 in
730 1442 918 1494 proximis
939 1442 1114 1481 versibus
1144 1442 1211 1493 qui
1242 1447 1335 1481 sunt
1356 1442 1402 1481 dc
1427 1442 1554 1493 procis
1576 1436 1747 1481 Helenae

224 1509 426 1560 expressit.
485 1509 543 1548 An
574 1509 719 1561 putarit
744 1510 949 1561 quisquam
972 1515 1124 1561 poetam
1148 1510 1240 1548 dum
1274 1522 1351 1548 uno
1381 1515 1419 1548 et
1445 1510 1580 1548 eodem
1604 1509 1742 1560 spiritu

225 1578 322 1617 duas
359 1577 576 1617 fabularum
614 1589 732 1616 novas
762 1575 960 1616 versiones
997 1578 1156 1628 profert,
1196 1576 1420 1616 auctoribus
1453 1576 1508 1615 uti
1538 1574 1745 1628 pluribus?

225 1644 306 1684 Hoc
336 1644 402 1695 qui
432 1645 514 1683 fieri
539 1644 713 1696 potuisse
743 1644 885 1691 credat,
916 1644 1034 1683 nimis
1055 1644 1162 1696 parvi
1182 1645 1297 1684 ducat
1316 1644 1585 1683 auctoritatem
1607 1649 1646 1683 et
1666 1643 1743 1683 vim

226 1712 322 1752 tanti
352 1712 530 1765 exempli,
571 1718 760 1764 quantum
794 1712 1004 1752 Stesichori
1034 1712 1205 1752 carmina
1235 1719 1345 1752 erant
1375 1713 1495 1753 semel
1524 1712 1745 1756 evoluta.et

224 1780 402 1832 perlecta,
433 1793 548 1831 quam
573 1780 649 1819 vim
672 1780 760 1819 inde
791 1780 838 1819 ab
867 1792 970 1819 anno
991 1780 1071 1819 413
1094 1780 1275 1832 (Electra)
1308 1781 1365 1819 vel
1386 1780 1529 1833 potius,
1562 1786 1605 1820 ut
1625 1793 1742 1834 appa-

225 1848 342 1895 rebit,
385 1848 432 1888 ab
473 1861 505 1888 a.
543 1849 624 1887 415
655 1848 863 1887 admissam
908 1854 985 1888 tam
1033 1848 1136 1887 brevi
1177 1860 1371 1887 annorum
1412 1848 1535 1899 spatio
1576 1849 1744 1900 effugere

225 1922 335 1968 poeta
356 1921 489 1956 noster
510 1928 558 1955 ne
574 1915 766 1969 potuisset
785 1915 955 1967 quidem,
978 1915 1010 1955 si
1030 1915 1106 1955 iam
1130 1916 1332 1964 voluisset3
1354 1921 1404 1963 at,
1426 1922 1532 1968 puto,
1554 1929 1602 1955 ne
1624 1916 1745 1957 voluit

223 1984 393 2035 quidem,
425 1984 457 2023 si
488 1984 602 2023 modo
631 1990 732 2030 ante,
763 1984 856 2035 quid
878 1983 1081 2036 Euripides
1110 1983 1185 2022 illis
1215 1983 1327 2022 annis
1359 1984 1431 2023 sihi
1462 1986 1742 2038 proposuisset,

224 2057 326 2091 recte
364 2051 653 2104 descripsimus.
713 2051 819 2098 Quae
863 2063 941 2089 non
983 2050 1035 2089 ita
1077 2050 1161 2090 dico
1200 2051 1312 2103 quasi
1352 2052 1536 2093 lectiones
1578 2054 1741 2094 aliorum

223 2125 423 2171 poetarum
468 2132 628 2172 prorsus
674 2119 816 2158 oblitus
862 2118 997 2167 fuerit3
1043 2120 1315 2159 tantummodo
1356 2121 1429 2160 hoc
1469 2122 1617 2173 prologi
1658 2122 1742 2162 loco

224 2187 435 2227 Stesichori
465 2187 692 2227 auctoritate
713 2187 939 2238 gravissima
969 2187 1153 2239 insignito
1173 2200 1242 2239 per
1263 2188 1360 2228 duos
1382 2201 1517 2228 versus
1539 2196 1740 2229 auctorem

224 2261 396 2296 mutasse
425 2268 503 2296 non
535 2255 824 2295 censensendus
855 2261 925 2294 est.

337 2323 440 2363 Haec
470 2324 503 2363 si
533 2324 619 2363 iure
649 2335 736 2362 meo
767 2328 909 2370 statuo,
941 2322 1030 2361 inde
1061 2323 1164 2362 haud
1194 2322 1274 2363 scio
1304 2335 1353 2362 an
1376 2323 1648 2376 explicandum
1680 2325 1742 2373 sit,

225 2403 295 2430 cur
333 2392 372 2431 in
404 2392 553 2432 Electra
585 2405 619 2430 v.
646 2391 752 2431 1063
790 2403 888 2442 sqq.‚
930 2390 995 2429 ubi
1028 2390 1290 2443 Tyndaridum
1334 2392 1441 2444 pravi
1474 2405 1603 2433 mores
1634 2406 1743 2433 com-

223 2466 419 2511 parantur,
458 2460 504 2500 de
535 2460 743 2500 Timanilra
782 2459 846 2498 illo
885 2465 1059 2511 tempore
1095 2459 1196 2499 haud
1240 2460 1291 2499 ita
1322 2460 1452 2513 ignota
1492 2474 1651 2513 prorsus
1682 2468 1744 2502 ta-

222 2535 306 2568 ceat
340 2534 465 2581 poeta.
524 2528 621 2568 Nam
658 2541 757 2580 quae
795 2528 841 2567 de
873 2527 1199 2580 Clytaemnestrae
1240 2529 1484 2570 formositate
1515 2530 1661 2582 (1063)
1703 2538 1743 2572 et

316 2616 360 2657 ²⁹)
385 2617 541 2649 Ceterum
570 2617 689 2648 Pirene
716 2616 892 2659 (eponyma
912 2615 1081 2647 Corinthii
1108 2614 1224 2657 sontis)
1251 2617 1320 2648 lilia
1348 2617 1473 2649 dicitur
1498 2617 1619 2652 Oebali
1638 2618 1743 2653 Lace-

225 2671 403 2706 daemonii.
452 2674 585 2707 Hesiod.
612 2685 663 2716 ap.
690 2673 789 2706 Paus.
807 2672 834 2705 Il
859 2674 889 2715 2,
909 2674 939 2705 3.

314 2730 358 2769 ⁸0)
385 2730 625 2772 Locupletiora
646 2730 838 2762 testimonia
863 2730 991 2762 collata
1008 2735 1087 2761 sunt
1103 2740 1123 2762 a
1141 2730 1290 2762 Plewio:
1310 2730 1442 2763 Preller
1462 2730 1568 2775 Myth.
1588 2731 1598 2764 l
1617 2732 1695 2773 246,
1708 2734 1740 2766 4.

224 2782 434 2817 conferenda
469 2790 521 2818 est
554 2796 625 2818 cum
651 2785 801 2829 Euopide
825 2782 1027 2833 Ἐριῶπις
1050 2786 1245 2830 Aesculapii
1271 2797 1382 2828 soror,
1415 2788 1586 2831 Apollinis
1611 2788 1681 2822 fllia
1707 2795 1742 2823 et

223 2839 389 2873 Arsinoae
423 2843 651 2885 (Asclepiades
681 2854 732 2885 ap.
759 2844 863 2875 schol.
892 2844 983 2877 l’ind.
1010 2844 1044 2877 P.
1063 2843 1105 2876 ΙΙΙ
1124 2845 1193 2885 14),
1224 2854 1307 2886 quae
1332 2846 1476 2877 Arsinna
1513 2846 1552 2877 ad
1579 2846 1741 2889 Leucippi

224 2894 313 2927 filias
339 2907 398 2930 nos
423 2898 564 2931 reducit.
