1937 3315
866 152 1152 223 -42-

253 312 368 351 quem
396 300 575 352 inprimis
603 299 762 339 humani
791 300 917 340 carnis
946 300 1229 340 immolatorem
1251 314 1335 341 esse
1361 301 1613 353 cognovimus
1635 302 1676 353 (Ι.
1694 305 1757 352 c.),

254 373 292 407 et
322 366 388 419 qui
414 368 606 422 Θυέστης
633 367 681 408 ob
701 368 861 408 eandem
883 380 1051 416 causam,
1082 375 1238 421 propter
1258 382 1374 421 quam
1396 369 1512 410 Diana
1531 368 1594 409 illa
1612 366 1760 424 Ἱέρεια

255 441 424 475 vocatur.
447 459 501 464 —
521 436 579 476 Ab
608 436 723 476 altera
754 442 862 489 parte
884 449 972 477 cum
1002 437 1127 477 Furiis
1154 437 1302 477 Orestis
1333 450 1535 491 personam
1557 438 1760 479 cohaerere

253 504 442 545 videmus.
500 506 553 545 De
590 518 666 557 quo
702 512 855 557 praeter
883 506 1114 558 Pherecydis
1155 506 1421 546 testimonium
1453 508 1499 548 ad
1531 507 1758 548 Orestheion

253 578 431 624 spectans
476 572 642 612 fabulam
680 573 827 625 respice
866 586 964 625 quae
1009 586 1130 626 prope
1169 573 1433 626 Megalopolim
1482 574 1675 614 ferebatur
1714 575 1760 615 de

255 641 403 681 Orestis
423 641 583 682 insania.
646 642 767 682 Habet
797 655 837 682 se
867 642 1024 694 quidem
1055 642 1214 683 ridicule
1243 641 1347 693 quod
1377 642 1479 683 illius
1511 644 1586 684 loci
1617 657 1760 684 monu-

255 713 449 756 mentum,
492 706 720 749 Δακτύλου
750 709 884 764 σῆμα,
923 710 970 749 ad
1001 710 1177 750 Orestem
1218 710 1270 749 ita
1311 710 1529 750 referebant
1568 718 1610 751 ut
1650 711 1759 751 illum

254 779 445 816 furentem
488 778 769 830 praemordisse
814 778 887 817 sibi
926 778 1127 830 ‘digitum'
1171 778 1430 830 perhiberent.
1501 779 1575 819 Sed
1617 778 1761 831 ineptia

253 845 408 898 dempta
438 845 562 899 gravis
592 852 652 887 est
680 845 803 900 ipsius
833 845 982 887 Orestis
1013 846 1175 896 mentio,
1215 845 1255 886 in
1294 858 1410 899 quam
1453 853 1497 887 ut
1534 846 1759 896 inciderent,

252 927 366 954 causa
396 915 523 967 aliqua
551 916 643 955 latet
673 915 898 955 necessarie.
948 916 996 955 Et
1023 916 1097 955 fuit
1123 917 1295 967 profecto
1321 915 1374 955 ibi
1394 915 1598 955 Furiarum
1627 918 1760 956 fanum

254 983 312 1023 vel
351 982 480 1036 potius
527 983 603 1023 duo
647 984 752 1032 fana,
792 983 934 1036 quibus
975 983 1123 1024 Orestis
1162 983 1288 1024 fabula
1327 983 1566 1024 adhaerebat.
1626 983 1762 1025 Furiae

253 1052 338 1090 illae
369 1051 598 1091 dicebantur
631 1053 804 1092 Μανίαι
836 1053 957 1103 (quod
991 1052 1106 1092 etiam
1138 1053 1184 1091 ad
1214 1052 1341 1091 locum
1372 1052 1500 1104 ipsum
1533 1053 1762 1092 translatum

254 1121 351 1168 erat)
365 1118 428 1170 ⁵⁵),
459 1118 618 1158 nomine
648 1119 853 1168 abstracto,
886 1122 928 1160 ut
958 1119 1110 1172 saepius
1136 1119 1333 1160 invenitur
1351 1119 1391 1159 in
1421 1119 1599 1160 fatalibus
1620 1119 1763 1160 deabus

254 1187 358 1226 velut
382 1184 613 1237 Λαχέσεις,
641 1186 876 1235 Κλωθῶες,
902 1188 1124 1240 Νεμέσεις.
1173 1187 1227 1227 De
1247 1187 1477 1240 antiquitate
1497 1194 1626 1228 autem
1648 1187 1760 1228 fabu-

252 1254 375 1294 larum
399 1254 649 1294 Orestearum
680 1255 773 1295 adeo
798 1268 876 1295 non
904 1254 1159 1295 dubitandum
1189 1261 1259 1303 est,
1292 1262 1335 1295 ut
1354 1268 1418 1296 eas
1439 1256 1480 1295 in
1499 1255 1573 1295 ista
1593 1255 1761 1307 regione,

253 1324 286 1363 si
317 1336 394 1362 non
427 1323 690 1368 traderentur,
733 1330 883 1363 tantum
924 1336 1001 1363 non
1031 1329 1355 1375 exspectaremus.
1415 1323 1518 1363 Duae
1546 1323 1664 1375 igitur
1691 1324 1763 1363 hae

253 1391 401 1431 Orestis
432 1390 749 1439 necessitudines,
781 1404 869 1431 cum
891 1391 1008 1432 Diana
1040 1397 1077 1432 et
1107 1404 1196 1431 cum
1218 1390 1357 1440 Furiis,
1387 1391 1561 1444 proxime
1591 1391 1692 1432 inter
1722 1404 1763 1431 se

253 1460 471 1499 cohaerent.
518 1459 613 1499 Nolo
634 1460 697 1499 hic
717 1460 907 1512 persequi,
929 1461 1032 1511 quod
1053 1459 1206 1512 probari
1226 1467 1366 1512 potest,
1387 1460 1541 1499 Furiam
1563 1460 1721 1499 omnino
1742 1473 1763 1499 e

254 1527 393 1567 Dianae
414 1526 573 1567 numine
594 1526 774 1575 ssuxisse3
806 1527 871 1567 sed
901 1527 1150 1568 memorabile
1171 1533 1230 1567 est
1250 1526 1409 1567 Dianam
1429 1527 1544 1567 istam
1562 1526 1760 1567 Oresteam

256 1595 291 1634 id
323 1594 470 1647 proprii
500 1594 652 1642 habere,
685 1599 728 1633 ut
757 1596 927 1633 furorem
959 1594 1108 1634 iniciat:
1140 1596 1243 1646 quod
1268 1595 1368 1634 idem
1392 1595 1438 1634 de
1459 1595 1593 1634 Orthia
1613 1600 1764 1634 constat

255 1663 386 1714 (Paus.
411 1663 462 1701 111
488 1662 551 1709 16,
575 1662 617 1713 7)
646 1669 685 1701 et
715 1661 761 1701 de
793 1662 1004 1702 Brauronia
1033 1663 1274 1714 praedicatur
1303 1675 1324 1702 a
1355 1662 1544 1714 Sophocle
1573 1662 1629 1701 Ai.
1664 1661 1760 1701 172:

257 1727 279 1784 ἦ
320 1728 375 1784 ῥά
416 1741 464 1770 σε
511 1726 774 1784 Ταυροπόλα
816 1728 924 1776 Διὸς
955 1727 1151 1784 ’Ἀριεμις
1192 1728 1278 1770 κτλ.
1324 1729 1486 1779 (scilicet
1526 1729 1763 1782 Tauropolos

255 1811 395 1838 nomen
427 1798 662 1838 Brauroniae
692 1799 783 1838 deae
814 1807 884 1838 est.
934 1799 1024 1839 Eur.
1056 1799 1137 1851 Iph.
1169 1798 1213 1837 T.
1248 1799 1367 1838 1455.
1400 1798 1526 1838 Strab.
1558 1797 1669 1846 399).

369 1866 517 1907 Orestis
548 1865 667 1918 igitur
696 1865 844 1906 insania
877 1866 927 1917 (si
957 1866 1106 1906 insania
1135 1866 1358 1919 appellanda
1388 1872 1447 1905 est
1475 1865 1642 1905 furiosae
1673 1865 1764 1905 deae

255 1934 405 1987 religio)
435 1935 640 1987 parricidio
673 1935 793 1975 multo
824 1934 1030 1987 antiquior.
1092 1935 1167 1976 Sed
1204 1947 1293 1974 cum
1331 1934 1432 1975 inter
1461 1939 1607 1974 tantam
1645 1933 1760 1974 istam

258 2009 489 2043 vetustatem
521 2009 560 2043 et
591 2003 802 2044 Stesichori
832 2016 1001 2051 carmen,
1032 2004 1137 2055 quod
1167 2002 1358 2044 excultam
1389 2003 1676 2054 perfectamque
1706 2004 1763 2041 fa·-

258 2071 387 2111 bulam
433 2072 607 2124 praehet,
653 2073 820 2125 spatium
860 2071 1072 2113 maximum
1119 2070 1331 2111 intercedat
1371 2083 1482 2123 aegre
1518 2070 1763 2124 explendum,

256 2140 332 2180 iam
364 2140 452 2181 finis
483 2141 656 2181 facienda
687 2148 746 2182 est
776 2140 1044 2194 mythologiae.
1076 2162 1131 2168 —
1161 2140 1272 2179 Certe
1302 2139 1362 2178 his
1392 2138 1514 2179 oculis
1544 2139 1762 2191 aspicienda

257 2214 361 2256 sunt,
393 2222 490 2260 quae
521 2209 723 2262 Euripides
754 2210 794 2249 in
825 2209 974 2249 Electra
1005 2215 1043 2248 et
1071 2208 1112 2247 in
1144 2208 1279 2247 Oreste
1318 2207 1431 2247 tradit
1470 2207 1516 2246 de
1546 2207 1695 2247 Orestis
1723 2207 1763 2247 in

260 2276 503 2317 Parrhasiam
546 2278 786 2330 migratione.
846 2279 890 2317 In
926 2290 1001 2329 qua
1031 2277 1276 2328 Aeschyleam
1316 2276 1420 2315 illam
1459 2275 1626 2315 fabulam
1667 2288 1765 2327 quae

263 2350 349 2384 erat
394 2344 440 2383 de
478 2345 664 2398 Areopagi
702 2345 857 2392 iudicio,
897 2343 1088 2396 negligere
1124 2355 1202 2383 non
1242 2342 1388 2396 potuit;
1432 2342 1645 2395 praemittit
1682 2354 1764 2382 eam

259 2413 457 2465 aptissime
502 2414 541 2453 in
580 2414 729 2454 Electra
777 2413 1011 2459 1254-72,
1048 2412 1100 2452 ita
1138 2418 1180 2452 ut
1216 2411 1376 2452 Athenis
1406 2411 1548 2451 relictis
1578 2410 1765 2462 reliquam

259 2481 374 2522 vitam
434 2480 591 2522 Orestes
643 2481 683 2522 in
727 2480 886 2522 Arcadia
932 2480 1068 2533 degere
1119 2479 1318 2528 iubeatur,
1371 2479 1408 2519 id
1460 2478 1564 2531 quod
1616 2477 1766 2518 traditis

260 2551 488 2603 respondet3
549 2552 671 2591 multo
725 2551 854 2590 minus
908 2549 1111 2589 commode
1166 2561 1247 2588 rem
1296 2547 1468 2588 instituit
1518 2548 1557 2587 in
1617 2547 1765 2593 Oreste,

263 2618 327 2657 ubi
363 2618 490 2670 primo
528 2631 596 2671 per
632 2619 723 2659 anni
761 2618 927 2671 spatium
960 2617 1001 2657 in
1030 2616 1231 2656 Arcadiam
1262 2615 1324 2657 ille
1353 2616 1557 2668 relegatur,
1604 2620 1647 2654 ut
1683 2620 1766 2654 tum

261 2686 432 2725 Athenas
469 2686 508 2725 in
539 2687 723 2727 iudicium
756 2693 838 2734 eat,
883 2685 993 2737 quasi
1024 2697 1112 2724 vero
1144 2684 1301 2724 Orestes
1331 2690 1370 2724 et
1398 2682 1619 2728 Hermiona,
1650 2693 1765 2732 quam

375 2842 417 2884 ⁶⁶)
443 2839 629 2875 Pausanias
652 2841 714 2874 hoc
739 2841 825 2884 loco,
850 2846 886 2874 ut
902 2840 1029 2882 multis,
1047 2839 1132 2883 quod
1148 2838 1308 2872 traditum
1328 2842 1402 2871 erat
1418 2846 1478 2881 pro
1495 2845 1554 2869 sua
1572 2834 1767 2868 coniectura

262 2900 388 2933 vendit.
