1937 3315
797 152 1058 192 ..9-

286 271 359 311 Sed
391 283 548 323 quoquo
581 269 695 309 modo
726 282 765 309 se
788 267 904 308 habet
925 267 1186 320 Lycophronis
1208 266 1413 314 scholium,
1437 271 1538 306 recte
1561 265 1680 316 Berg-

173 338 259 379 kius
289 339 383 379 haec
411 337 593 379 iudicavit
622 337 705 390 (Gr.
738 336 975 377 Lit.-Gesch.
1003 336 1036 375 ll
1066 350 1103 389 p.
1126 335 1245 388 293):
1279 334 1397 383 ,36611
1418 346 1530 374 wenn
1558 332 1681 374 Stesi-

172 406 311 446 choros
350 407 409 445 die
447 405 691 456 Vorstellung
728 416 802 443 von
840 404 927 443 dem
962 404 1249 443 Schattenbilde
1288 403 1355 441 der
1387 402 1551 442 Heroine
1592 402 1679 441 dem

172 473 314 513 llesiod
341 472 539 520 verdankt,
571 485 614 512 so
636 472 780 511 musste
801 472 900 511 doch
920 471 1024 511 diese
1044 472 1261 524 Neuerung,
1293 471 1354 510 die
1375 469 1460 509 hier
1479 470 1518 509 in
1539 469 1682 510 breiter

171 541 424 592 Schilderung
470 540 695 592 ausgeffihrt
731 539 862 579 wurde
902 540 979 579 und
1019 539 1087 579 der
1122 539 1223 579 alten
1261 537 1562 589 volksmassigen
1600 538 1681 577 An-

172 609 382 661 schauung,
414 609 556 648 welche
586 608 641 647 315
672 608 835 647 unwahr
857 609 1068 646 verworfen
1092 607 1206 654 ward,
1238 606 1386 646 schroff
1402 611 1680 657 entgegentrat,

169 676 255 716 eine
276 689 369 729 ganz
385 677 525 717 andere
541 675 731 728 Wirkung
752 675 912 715 macheu
934 675 989 715 als
1010 674 1071 714 bei
1092 675 1179 714 dem
1201 674 1301 714 alten
1323 673 1476 727 Epiker,
1499 687 1557 713 wo
1579 673 1682 713 diese

170 745 414 796 Vorstellung
450 744 652 784 sicherlich
692 756 768 784 nur
804 743 993 783 nebenbei
1023 743 1095 783 mit
1123 743 1296 793 wenigen
1327 743 1484 782 Wortea
1520 742 1680 782 berfihrt

169 814 271 852 war.’
314 812 438 860 Quam
464 812 512 852 ad
534 824 709 853 normam
733 811 926 863 imprimis
947 810 1140 863 Euripidis
1161 810 1354 862 tragoedia
1374 810 1587 850 revocanda
1608 815 1680 850 est.

282 879 466 932 Sequitur
497 885 541 920 ut
570 893 647 932 quo
679 880 833 920 tandem
866 879 950 919 1666
972 879 1157 919 abscondi
1177 890 1306 918 veram
1330 877 1517 917 Helenam
1540 878 1681 930 lyricus

167 948 301 988 fecerit
330 960 583 1000 quaeramus3
614 960 676 988 res
707 947 800 987 satis
829 947 1020 999 ambigua,
1052 947 1126 986 nisi
1157 952 1201 986 ut
1221 946 1392 985 assolent
1413 952 1512 986 teste
1533 946 1683 986 utimur

166 1015 360 1070 Euripide,
392 1016 438 1056 de
468 1015 578 1056 cuius
609 1015 784 1068 exemplo
815 1014 947 1067 quaeri
978 1014 1108 1067 potius
1138 1019 1302 1067 oportet.
1355 1014 1481 1066 Atque
1512 1020 1555 1055 ut
1576 1013 1682 1054 Wel-

167 1083 271 1123 ckeri
301 1083 524 1135 opinionem
556 1090 796 1136 praeteream
827 1090 866 1123 et
894 1096 965 1135 per
995 1096 1036 1123 se
1057 1083 1221 1122 debilem
1245 1089 1284 1122 et
1303 1082 1378 1122 iam
1405 1084 1611 1123 refutatam
1633 1083 1681 1122 ab

166 1150 261 1199 aliis,
299 1157 392 1190 sunt
421 1150 487 1202 qui
517 1150 769 1202 cogitaverint
799 1152 847 1191 de
877 1151 1001 1191 Leuce
1031 1150 1170 1198 insula,
1202 1150 1368 1190 Helenae
1399 1150 1507 1190 cultu
1538 1150 1681 1190 nobili-

164 1223 262 1265 tata,
302 1217 424 1258 conisi
460 1218 621 1258 historia
658 1218 861 1258 notissima
891 1231 987 1270 quae
1018 1219 1065 1257 de
1095 1218 1292 1270 Leonymo
1324 1218 1546 1258 Crotoniata
1577 1220 1680 1257 sere-

169 1286 293 1326 batur.
334 1287 383 1326 Et
412 1287 515 1338 quod
545 1287 592 1326 ad
620 1286 859 1326 historiolam
889 1287 1002 1326 istam
1024 1286 1174 1333 attinet,
1205 1286 1469 1337 Tyndaridum
1492 1285 1680 1326 Helenae-

168 1367 243 1405 que
272 1354 404 1406 religio
435 1354 474 1394 in
505 1353 627 1406 patria
657 1359 792 1406 poetae
824 1359 1023 1406 tantopere
1053 1353 1226 1401 florebat,
1260 1359 1304 1393 ut
1334 1354 1494 1393 omnino
1516 1366 1594 1393 non
1617 1354 1680 1394 in-

168 1423 316 1475 digeret
344 1422 407 1462 ille
437 1422 589 1470 nuntio,
620 1434 697 1473 quo
729 1422 775 1461 de
807 1421 934 1461 divina
955 1421 1120 1461 Helenae
1151 1427 1290 1461 natura
1312 1422 1551 1461 edoceretur.
1602 1421 1680 1462 Nec

168 1491 309 1531 mirum
347 1503 367 1530 a
398 1490 557 1531 Platone
588 1495 707 1530 totam
740 1502 822 1529 rem
854 1489 1068 1530 etiamtunc
1098 1490 1277 1541 ignorari,
1315 1501 1404 1530 cum
1441 1491 1521 1529 fere
1551 1495 1677 1530 totum

168 1559 242 1599 1166
273 1571 393 1611 genus
424 1559 470 1598 ad
501 1563 703 1610 poetarum
735 1557 1004 1610 artificumque
1035 1557 1152 1597 vitam
1175 1564 1354 1610 spectans
1375 1570 1394 1598 a
1416 1558 1680 1611 Peripateticis

168 1626 359 1678 originem
405 1626 545 1665 ducere
590 1630 754 1664 constet.
814 1625 962 1672 Quodsi
999 1625 1208 1665 Pausanias
1240 1625 1474 1666 Crotoniatis
1516 1626 1612 1678 ipsis
1643 1633 1682 1666 et

168 1692 383 1733 Himeraeis
413 1691 675 1732 narrationem
707 1691 810 1732 illam
844 1691 991 1740 tribuit,
1022 1704 1067 1732 eo
1097 1704 1235 1744 parum
1260 1705 1475 1741 movemur,
1508 1692 1541 1732 si
1562 1705 1678 1745 quam

167 1761 288 1801 multa
317 1760 380 1800 ille
411 1759 581 1812 (praeter
610 1772 719 1799 veras
750 1760 883 1813 populi
913 1760 1171 1812 narrationes)
1202 1761 1243 1800 in
1274 1760 1383 1801 libris
1414 1762 1496 1801 suis
1527 1767 1678 1813 reperta

168 1835 364 1882 tamquam
401 1841 447 1867 ex
485 1827 753 1880 indigenarum
786 1840 852 1868 ore
882 1833 1036 1881 accepta
1067 1829 1239 1881 proferat
1269 1829 1576 1869 meminerimus.
1637 1829 1678 1869 Id

166 1903 317 1937 tantum
350 1910 395 1936 ex
424 1896 645 1936 narratione
676 1897 738 1936 illa
768 1896 853 1936 iure
883 1897 1050 1948 quodam
1081 1896 1235 1948 colligat
1254 1897 1462 1950 quispiam,
1494 1898 1678 1937 Helenam

168 1965 208 2005 111
239 1964 344 2004 1111115
375 1964 546 2004 carmine
567 1964 607 2003 in
630 1964 795 2011 Leucen,
828 1970 961 2017 utpote
983 1965 1185 2004 caelestem
1208 1965 1338 2005 sedem
1362 1966 1560 2019 abreptam
1583 1978 1680 2005 esse.

165 2067 318 2108 assidue3
352 2076 455 2109 neque
481 2066 567 2098 enim
599 2066 787 2107 coniugalis
816 2066 893 2098 fidei
926 2067 1077 2109 exempla
1102 2068 1241 2109 populus
1265 2068 1375 2099 animo
1407 2073 1539 2101 attento
1563 2067 1680 2101 faven—

166 2123 259 2167 tique
285 2123 452 2164 audiebat,
478 2132 589 2155 rerum
615 2122 726 2165 potius
755 2122 981 2155 inauditarum
1006 2128 1041 2155 et
1070 2123 1231 2156 audacter
1256 2128 1427 2164 gestarum
1452 2125 1607 2167 cupidus:
1639 2125 1680 2157 de

166 2180 263 2222 plebe
286 2179 383 2211 homo
409 2179 534 2220 regiam
560 2178 728 2220 virginem
754 2184 854 2220 petat,
887 2178 1032 2211 inferior
1058 2180 1287 2221 superiorem,
1313 2180 1468 2212 mortalis
1494 2181 1598 2213 deam.
1646 2179 1681 2213 ld

165 2235 329 2269 Duhnium
353 2233 465 2268 fabula
493 2235 563 2278 ipsa
589 2245 607 2267 a
633 2233 803 2268 Gerlando
829 2235 973 2279 prolata,
998 2246 1058 2278 qua
1085 2236 1220 2277 nititur,
1247 2236 1280 2269 id
1308 2237 1509 2270 nostratium
1535 2235 1681 2271 fabellae

164 2293 285 2325 docere
310 2296 487 2334 poterant3
514 2301 618 2334 neque
645 2292 751 2324 aliter
776 2303 811 2325 se
836 2292 979 2325 habebat
997 2293 1268 2333 Argonautarum
1294 2294 1452 2336 primaria
1475 2293 1599 2337 fabula,
1624 2294 1681 2326 ubi

164 2359 227 2381 non
251 2348 364 2382 vellus
389 2349 576 2391 petebatur,
602 2348 699 2381 cuius
719 2348 917 2381 mentionem
944 2359 962 2382 e
988 2348 1132 2392 principi
1157 2349 1232 2383 1666
1258 2349 1349 2392 (Hes.
1369 2349 1493 2393 Theog.
1512 2350 1577 2384 992
1595 2350 1681 2394 sqq.)

163 2406 282 2439 abesse
315 2406 378 2437 iam
403 2411 575 2444 notavere,
611 2407 669 2438 sed
693 2407 792 2438 unice
821 2406 944 2438 mulier
968 2406 1030 2438 illa
1055 2407 1188 2446 divina3
1213 2412 1313 2449 atque
1336 2408 1525 2450 Naupactio
1549 2409 1680 2450 quidem

164 2462 311 2495 carmine
336 2462 372 2496 vi
397 2466 526 2506 raptam
551 2472 627 2495 esse
652 2462 692 2495 ab
710 2462 916 2505 Argonautis
934 2462 1083 2496 Medeam
1108 2463 1237 2498 diserte
1254 2464 1465 2506 tradebatur,
1491 2475 1574 2508 quae
1594 2464 1679 2499 fama

164 2519 266 2552 etiam
290 2519 386 2552 Pind.
412 2518 453 2552 fr.
470 2519 569 2562 172‚4
593 2520 726 2561 Bergk⁴
749 2531 909 2553 resonare
934 2520 1078 2553 videtur.
1107 2540 1148 2544 -—
1174 2522 1329 2555 Ceterum
1355 2522 1506 2555 Oceanus
1532 2523 1681 2565 exceptis

163 2575 329 2609 flumineis
361 2575 513 2620 nymphis
549 2580 646 2619 pater
671 2576 800 2609 inditur
825 2581 860 2609 et
884 2576 1053 2609 nationum
1079 2576 1333 2619 aboriginibus,
1366 2588 1426 2612 nec
1457 2588 1521 2611 non
1547 2578 1681 2612 summis

163 2633 357 2675 quibusdam
390 2633 532 2675 deabus,
572 2634 761 2667 cuiusmodi
791 2639 869 2667 sunt
899 2633 1004 2667 Theia
1036 2634 1181 2668 Hecatae
1212 2646 1360 2677 congrua
1393 2636 1532 2675 (Zenob.
1557 2636 1586 2669 V
1616 2637 1681 2680 10),

162 2688 299 2721 Perseis
329 2689 406 2730 (od.
431 2700 461 2721 κ.
484 2689 558 2722 139.
593 2690 661 2722 Cic.
688 2695 753 2723 nat.
780 2691 871 2722 deor.
896 2689 938 2722 111
958 2690 1009 2733 19,
1027 2691 1083 2728 48)
1114 2690 1249 2734 Ε111·6113
1274 2691 1400 2733 (861161.
1424 2692 1516 2724 116111.
1534 2692 1681 2734 Π223),

162 2744 285 2778 Ρ611116
312 2744 510 2791 (Pherecyd.
535 2747 640 2780 schol.
666 2747 746 2781 Eur.
772 2747 893 2781 Phoen.
920 2747 1030 2789 1123),
1055 2746 1169 2793 Tycbe
1193 2747 1367 2790 (Paus.lV
1392 2749 1446 2792 30,
1470 2749 1515 2794 3),
1540 2749 1681 2793 denique

164 2819 205 2824 —
222 2806 258 2833 ut
277 2803 346 2835 alia
363 2803 514 2836 omittam
531 2822 575 2828 —-
592 2814 629 2836 ea
646 2814 729 2847 quae
754 2805 818 2837 1166
834 2804 977 2836 maxime
995 2802 1078 2837 facit
1096 2804 1248 2838 Nemesis
1265 2805 1462 2839 Rhamnusia
1479 2805 1582 2847 (Paus
1598 2805 1680 2839 133.

164 2856 221 2891 Vll
245 2858 277 2900 5,
297 2860 311 2892 1
340 2859 451 2893 Schol.
478 2859 574 2893 Rhes.
602 2861 693 2903 332).
