<?xml version="1.0" encoding="UTF-8"?>
<!DOCTYPE html PUBLIC "-//W3C//DTD XHTML 1.0 Transitional//EN"
    "http://www.w3.org/TR/xhtml1/DTD/xhtml1-transitional.dtd">
<html xmlns="http://www.w3.org/1999/xhtml" xml:lang="en" lang="en">
 <head>
  <title>
</title>
<meta http-equiv="Content-Type" content="text/html;charset=utf-8" />
  <meta name='ocr-system' content='tesseract 3.04.00' />
  <meta name='ocr-capabilities' content='ocr_page ocr_carea ocr_par ocr_line ocrx_word'/>
</head>
<body>
  <div class='ocr_page' id='page_1' title='image "./4625147_0059.png"; bbox 0 0 1937 3315; ppageno 0'>
   <div class='ocr_carea' id='block_1_1' title="bbox 794 152 1084 195">
    <p class='ocr_par' dir='ltr' id='par_1_1' title="bbox 794 152 1084 195">
     <span class='ocr_line' id='line_1_1' title="bbox 794 152 1084 195; baseline 0.003 -12"><span class='ocrx_word' id='word_1_1' title='bbox 794 152 1084 195; x_wconf 70' lang='lat'>-53-</span> 
     </span>
    </p>
   </div>
   <div class='ocr_carea' id='block_1_2' title="bbox 175 268 1711 2511">
    <p class='ocr_par' dir='ltr' id='par_1_2' title="bbox 175 268 1711 2511">
     <span class='ocr_line' id='line_1_2' title="bbox 182 268 1690 328; baseline -0.005 -11"><span class='ocrx_word' id='word_1_2' title='bbox 182 287 271 317; x_wconf 87' lang='lat' dir='ltr'>rans</span> <span class='ocrx_word' id='word_1_3' title='bbox 301 273 486 328; x_wconf 77' lang='lat' dir='ltr'>trepidat,</span> <span class='ocrx_word' id='word_1_4' title='bbox 525 282 651 323; x_wconf 90' lang='lat' dir='ltr'>neque</span> <span class='ocrx_word' id='word_1_5' title='bbox 687 281 757 323; x_wconf 89' lang='lat' dir='ltr'>pro</span> <span class='ocrx_word' id='word_1_6' title='bbox 792 269 938 310; x_wconf 87' lang='lat' dir='ltr'>viribus</span> <span class='ocrx_word' id='word_1_7' title='bbox 970 275 1013 310; x_wconf 90' lang='lat' dir='ltr'>ut</span> <span class='ocrx_word' id='word_1_8' title='bbox 1049 275 1171 310; x_wconf 90' lang='lat' dir='ltr'>mater</span> <span class='ocrx_word' id='word_1_9' title='bbox 1207 270 1349 313; x_wconf 64' lang='lat' dir='ltr'>hostes,</span> <span class='ocrx_word' id='word_1_10' title='bbox 1377 268 1590 323; x_wconf 82' lang='lat' dir='ltr'>impugnat,</span> <span class='ocrx_word' id='word_1_11' title='bbox 1623 269 1690 310; x_wconf 91' lang='lat' dir='ltr'>sed</span> 
     </span>
     <span class='ocr_line' id='line_1_3' title="bbox 181 338 1690 395; baseline -0.004 -11"><span class='ocrx_word' id='word_1_12' title='bbox 181 346 295 395; x_wconf 86' lang='lat' dir='ltr'>longo</span> <span class='ocrx_word' id='word_1_13' title='bbox 325 343 423 383; x_wconf 88' lang='lat' dir='ltr'>saltu</span> <span class='ocrx_word' id='word_1_14' title='bbox 456 339 668 380; x_wconf 90' lang='lat' dir='ltr'>tumultum</span> <span class='ocrx_word' id='word_1_15' title='bbox 700 338 850 390; x_wconf 81' lang='lat' dir='ltr'>effugit,</span> <span class='ocrx_word' id='word_1_16' title='bbox 890 338 942 379; x_wconf 90' lang='lat' dir='ltr'>ita</span> <span class='ocrx_word' id='word_1_17' title='bbox 980 344 1025 379; x_wconf 89' lang='lat' dir='ltr'>ut</span> <span class='ocrx_word' id='word_1_18' title='bbox 1054 344 1186 391; x_wconf 88' lang='lat' dir='ltr'>postea</span> <span class='ocrx_word' id='word_1_19' title='bbox 1222 338 1402 379; x_wconf 87' lang='lat' dir='ltr'><strong>hostibus</strong></span> <span class='ocrx_word' id='word_1_20' title='bbox 1431 338 1690 391; x_wconf 89' lang='lat' dir='ltr'>requirendus</span> 
     </span>
     <span class='ocr_line' id='line_1_4' title="bbox 182 406 1689 458; baseline -0.004 -6"><span class='ocrx_word' id='word_1_21' title='bbox 182 412 242 452; x_wconf 92' lang='lat' dir='ltr'>sit.</span> <span class='ocrx_word' id='word_1_22' title='bbox 310 410 393 450; x_wconf 86' lang='lat' dir='ltr'>Huc</span> <span class='ocrx_word' id='word_1_23' title='bbox 432 407 597 448; x_wconf 85' lang='lat' dir='ltr'><strong>maxime</strong></span> <span class='ocrx_word' id='word_1_24' title='bbox 635 407 780 447; x_wconf 86' lang='lat' dir='ltr'>faciunt</span> <span class='ocrx_word' id='word_1_25' title='bbox 816 406 920 446; x_wconf 93' lang='lat' dir='ltr'>Accii</span> <span class='ocrx_word' id='word_1_26' title='bbox 955 408 1002 446; x_wconf 85' lang='lat' dir='ltr'>fr.</span> <span class='ocrx_word' id='word_1_27' title='bbox 1033 407 1068 446; x_wconf 93' lang='lat' dir='ltr'>X</span> <span class='ocrx_word' id='word_1_28' title='bbox 1098 406 1158 458; x_wconf 82' lang='lat'>(1)</span> <span class='ocrx_word' id='word_1_29' title='bbox 1195 413 1234 446; x_wconf 91' lang='lat' dir='ltr'>et</span> <span class='ocrx_word' id='word_1_30' title='bbox 1272 407 1324 446; x_wconf 91' lang='lat' dir='ltr'>XI</span> <span class='ocrx_word' id='word_1_31' title='bbox 1355 407 1426 456; x_wconf 79' lang='lat'>(9),</span> <span class='ocrx_word' id='word_1_32' title='bbox 1471 406 1510 445; x_wconf 90' lang='lat' dir='ltr'>in</span> <span class='ocrx_word' id='word_1_33' title='bbox 1547 407 1689 458; x_wconf 89' lang='lat' dir='ltr'>quibus</span> 
     </span>
     <span class='ocr_line' id='line_1_5' title="bbox 180 475 1688 532; baseline -0.003 -12"><span class='ocrx_word' id='word_1_34' title='bbox 180 480 379 532; x_wconf 88' lang='lat' dir='ltr'>quaeritur</span> <span class='ocrx_word' id='word_1_35' title='bbox 400 483 438 518; x_wconf 91' lang='lat' dir='ltr'>et</span> <span class='ocrx_word' id='word_1_36' title='bbox 467 478 646 524; x_wconf 85' lang='lat' dir='ltr'>refertur,</span> <span class='ocrx_word' id='word_1_37' title='bbox 678 490 755 528; x_wconf 91' lang='lat' dir='ltr'>quo</span> <span class='ocrx_word' id='word_1_38' title='bbox 775 476 860 516; x_wconf 91' lang='lat' dir='ltr'>loco</span> <span class='ocrx_word' id='word_1_39' title='bbox 891 481 929 516; x_wconf 91' lang='lat' dir='ltr'>et</span> <span class='ocrx_word' id='word_1_40' title='bbox 959 476 1074 516; x_wconf 91' lang='lat' dir='ltr'>modo</span> <span class='ocrx_word' id='word_1_41' title='bbox 1096 489 1261 529; x_wconf 92' lang='lat' dir='ltr'>puerum</span> <span class='ocrx_word' id='word_1_42' title='bbox 1284 475 1572 529; x_wconf 81' lang='lat' dir='ltr'>deprehendere</span> <span class='ocrx_word' id='word_1_43' title='bbox 1593 488 1688 516; x_wconf 92' lang='lat' dir='ltr'>con-</span> 
     </span>
     <span class='ocr_line' id='line_1_6' title="bbox 180 545 541 600; baseline -0.014 -12"><span class='ocrx_word' id='word_1_44' title='bbox 180 547 324 600; x_wconf 77' lang='lat' dir='ltr'>tigerit3</span> <span class='ocrx_word' id='word_1_45' title='bbox 355 546 439 585; x_wconf 83' lang='lat' dir='ltr'>vide</span> <span class='ocrx_word' id='word_1_46' title='bbox 469 545 541 584; x_wconf 89' lang='lat' dir='ltr'>XI:</span> 
     </span>
     <span class='ocr_line' id='line_1_7' title="bbox 235 612 1364 667; baseline -0.002 -13"><span class='ocrx_word' id='word_1_47' title='bbox 235 615 305 655; x_wconf 92' lang='lat' dir='ltr'>Hic</span> <span class='ocrx_word' id='word_1_48' title='bbox 334 627 402 667; x_wconf 90' lang='lat' dir='ltr'>per</span> <span class='ocrx_word' id='word_1_49' title='bbox 432 613 668 653; x_wconf 91' lang='lat' dir='ltr'>matutinum</span> <span class='ocrx_word' id='word_1_50' title='bbox 698 613 831 652; x_wconf 89' lang='lat' dir='ltr'>lumen</span> <span class='ocrx_word' id='word_1_51' title='bbox 863 612 972 652; x_wconf 90' lang='lat' dir='ltr'>tardo</span> <span class='ocrx_word' id='word_1_52' title='bbox 1002 613 1215 665; x_wconf 86' lang='lat' dir='ltr'>procedens</span> <span class='ocrx_word' id='word_1_53' title='bbox 1246 613 1364 664; x_wconf 85' lang='lat' dir='ltr'>gradu</span> 
     </span>
     <span class='ocr_line' id='line_1_8' title="bbox 234 681 1640 735; baseline -0.001 -13"><span class='ocrx_word' id='word_1_54' title='bbox 234 685 447 735; x_wconf 88' lang='lat' dir='ltr'>Derepente</span> <span class='ocrx_word' id='word_1_55' title='bbox 477 681 620 734; x_wconf 90' lang='lat' dir='ltr'>aspicio</span> <span class='ocrx_word' id='word_1_56' title='bbox 650 694 696 721; x_wconf 85' lang='lat' dir='ltr'>ex</span> <span class='ocrx_word' id='word_1_57' title='bbox 726 694 884 721; x_wconf 87' lang='lat' dir='ltr'>nemore</span> <span class='ocrx_word' id='word_1_58' title='bbox 913 681 1096 733; x_wconf 88' lang='lat' dir='ltr'>pavidum</span> <span class='ocrx_word' id='word_1_59' title='bbox 1128 688 1164 721; x_wconf 89' lang='lat' dir='ltr'>et</span> <span class='ocrx_word' id='word_1_60' title='bbox 1195 688 1468 734; x_wconf 81' lang='lat' dir='ltr'>properantem</span> <span class='ocrx_word' id='word_1_61' title='bbox 1500 681 1640 733; x_wconf 86' lang='lat' dir='ltr'>egredi.</span> 
     </span>
     <span class='ocr_line' id='line_1_9' title="bbox 178 749 1688 803; baseline -0.003 -11"><span class='ocrx_word' id='word_1_62' title='bbox 178 750 334 793; x_wconf 82' lang='lat' dir='ltr'>Accedit</span> <span class='ocrx_word' id='word_1_63' title='bbox 370 749 570 803; x_wconf 90' lang='lat' dir='ltr'>Sophoclis</span> <span class='ocrx_word' id='word_1_64' title='bbox 606 751 652 788; x_wconf 88' lang='lat' dir='ltr'>fr.</span> <span class='ocrx_word' id='word_1_65' title='bbox 681 749 753 797; x_wconf 85' lang='lat'>38,</span> <span class='ocrx_word' id='word_1_66' title='bbox 792 749 860 788; x_wconf 91' lang='lat' dir='ltr'>ubi</span> <span class='ocrx_word' id='word_1_67' title='bbox 895 761 1059 802; x_wconf 89' lang='lat' dir='ltr'>puerum</span> <span class='ocrx_word' id='word_1_68' title='bbox 1098 749 1274 789; x_wconf 84' lang='lat' dir='ltr'>Hectoris</span> <span class='ocrx_word' id='word_1_69' title='bbox 1315 749 1475 788; x_wconf 91' lang='lat' dir='ltr'>viriliter</span> <span class='ocrx_word' id='word_1_70' title='bbox 1511 755 1688 801; x_wconf 84' lang='lat' dir='ltr'>agentem</span> 
     </span>
     <span class='ocr_line' id='line_1_10' title="bbox 179 816 1688 870; baseline -0.001 -11"><span class='ocrx_word' id='word_1_71' title='bbox 179 821 353 859; x_wconf 90' lang='lat' dir='ltr'>videmus</span> <span class='ocrx_word' id='word_1_72' title='bbox 368 816 429 870; x_wconf 77' lang='lat'><strong>⁷⁰).</strong></span> <span class='ocrx_word' id='word_1_73' title='bbox 487 818 658 869; x_wconf 87' lang='lat' dir='ltr'>Exposui</span> <span class='ocrx_word' id='word_1_74' title='bbox 700 818 810 865; x_wconf 90' lang='lat' dir='ltr'>haec,</span> <span class='ocrx_word' id='word_1_75' title='bbox 847 819 950 869; x_wconf 90' lang='lat' dir='ltr'>quod</span> <span class='ocrx_word' id='word_1_76' title='bbox 987 831 1049 857; x_wconf 91' lang='lat' dir='ltr'>res</span> <span class='ocrx_word' id='word_1_77' title='bbox 1090 820 1282 858; x_wconf 90' lang='lat' dir='ltr'>contraria</span> <span class='ocrx_word' id='word_1_78' title='bbox 1318 825 1377 858; x_wconf 92' lang='lat' dir='ltr'>est</span> <span class='ocrx_word' id='word_1_79' title='bbox 1418 819 1457 857; x_wconf 93' lang='lat' dir='ltr'>in</span> <span class='ocrx_word' id='word_1_80' title='bbox 1492 818 1688 870; x_wconf 86' lang='lat' dir='ltr'>Euripidis</span> 
     </span>
     <span class='ocr_line' id='line_1_11' title="bbox 179 885 1688 938; baseline -0.001 -11"><span class='ocrx_word' id='word_1_81' title='bbox 179 886 411 934; x_wconf 84' lang='lat' dir='ltr'>Troadibus3</span> <span class='ocrx_word' id='word_1_82' title='bbox 444 885 509 925; x_wconf 92' lang='lat' dir='ltr'>ubi</span> <span class='ocrx_word' id='word_1_83' title='bbox 529 886 723 938; x_wconf 84' lang='lat' dir='ltr'>Astyanax</span> <span class='ocrx_word' id='word_1_84' title='bbox 752 898 832 924; x_wconf 91' lang='lat' dir='ltr'>non</span> <span class='ocrx_word' id='word_1_85' title='bbox 862 897 960 937; x_wconf 89' lang='lat' dir='ltr'>puer</span> <span class='ocrx_word' id='word_1_86' title='bbox 989 891 1048 925; x_wconf 89' lang='lat' dir='ltr'>est</span> <span class='ocrx_word' id='word_1_87' title='bbox 1067 886 1231 938; x_wconf 89' lang='lat' dir='ltr'>loquens</span> <span class='ocrx_word' id='word_1_88' title='bbox 1261 892 1300 925; x_wconf 87' lang='lat' dir='ltr'>et</span> <span class='ocrx_word' id='word_1_89' title='bbox 1320 898 1435 937; x_wconf 87' lang='lat' dir='ltr'>agens</span> <span class='ocrx_word' id='word_1_90' title='bbox 1466 891 1511 925; x_wconf 94' lang='lat' dir='ltr'>ut</span> <span class='ocrx_word' id='word_1_91' title='bbox 1532 885 1688 925; x_wconf 89' lang='lat' dir='ltr'>Menoe-</span> 
     </span>
     <span class='ocr_line' id='line_1_12' title="bbox 178 953 1687 1006; baseline -0.002 -10"><span class='ocrx_word' id='word_1_92' title='bbox 178 969 269 997; x_wconf 89' lang='lat' dir='ltr'>ceus</span> <span class='ocrx_word' id='word_1_93' title='bbox 298 955 338 994; x_wconf 90' lang='lat' dir='ltr'>in</span> <span class='ocrx_word' id='word_1_94' title='bbox 369 954 606 1002; x_wconf 88' lang='lat' dir='ltr'>Phoenissis,</span> <span class='ocrx_word' id='word_1_95' title='bbox 638 954 772 994; x_wconf 90' lang='lat' dir='ltr'>Maeon</span> <span class='ocrx_word' id='word_1_96' title='bbox 803 955 842 994; x_wconf 93' lang='lat' dir='ltr'>in</span> <span class='ocrx_word' id='word_1_97' title='bbox 873 953 1120 1006; x_wconf 64' lang='lat' dir='ltr'>Antigonafl,</span> <span class='ocrx_word' id='word_1_98' title='bbox 1152 954 1218 994; x_wconf 87' lang='lat' dir='ltr'>sed</span> <span class='ocrx_word' id='word_1_99' title='bbox 1251 955 1377 994; x_wconf 83' lang='lat' dir='ltr'>infans</span> <span class='ocrx_word' id='word_1_100' title='bbox 1413 954 1453 993; x_wconf 89' lang='lat' dir='ltr'>in</span> <span class='ocrx_word' id='word_1_101' title='bbox 1483 954 1570 993; x_wconf 89' lang='lat' dir='ltr'>sinu</span> <span class='ocrx_word' id='word_1_102' title='bbox 1602 966 1687 993; x_wconf 90' lang='lat' dir='ltr'>ma-</span> 
     </span>
     <span class='ocr_line' id='line_1_13' title="bbox 179 1022 1711 1075; baseline -0.001 -11"><span class='ocrx_word' id='word_1_103' title='bbox 179 1024 248 1065; x_wconf 89' lang='lat' dir='ltr'>tris</span> <span class='ocrx_word' id='word_1_104' title='bbox 288 1024 486 1064; x_wconf 87' lang='lat' dir='ltr'>conditum</span> <span class='ocrx_word' id='word_1_105' title='bbox 520 1022 649 1075; x_wconf 86' lang='lat'>(570),</span> <span class='ocrx_word' id='word_1_106' title='bbox 691 1022 795 1074; x_wconf 91' lang='lat' dir='ltr'>quod</span> <span class='ocrx_word' id='word_1_107' title='bbox 830 1035 900 1075; x_wconf 94' lang='lat' dir='ltr'>per</span> <span class='ocrx_word' id='word_1_108' title='bbox 937 1035 1077 1063; x_wconf 91' lang='lat' dir='ltr'>manus</span> <span class='ocrx_word' id='word_1_109' title='bbox 1113 1023 1228 1063; x_wconf 90' lang='lat' dir='ltr'>datur</span> <span class='ocrx_word' id='word_1_110' title='bbox 1262 1022 1326 1074; x_wconf 89' lang='lat' dir='ltr'>(ab</span> <span class='ocrx_word' id='word_1_111' title='bbox 1363 1023 1422 1062; x_wconf 89' lang='lat' dir='ltr'>illa</span> <span class='ocrx_word' id='word_1_112' title='bbox 1455 1022 1711 1075; x_wconf 62' lang='lat' dir='ltr'>Talthybio).&gt;</span> 
     </span>
     <span class='ocr_line' id='line_1_14' title="bbox 177 1091 1687 1145; baseline -0.003 -11"><span class='ocrx_word' id='word_1_113' title='bbox 177 1095 259 1142; x_wconf 85' lang='lat' dir='ltr'>Qua</span> <span class='ocrx_word' id='word_1_114' title='bbox 294 1092 335 1132; x_wconf 91' lang='lat' dir='ltr'>in</span> <span class='ocrx_word' id='word_1_115' title='bbox 372 1104 415 1131; x_wconf 89' lang='lat' dir='ltr'>re</span> <span class='ocrx_word' id='word_1_116' title='bbox 444 1091 647 1145; x_wconf 87' lang='lat' dir='ltr'>Euripides</span> <span class='ocrx_word' id='word_1_117' title='bbox 679 1092 823 1131; x_wconf 89' lang='lat' dir='ltr'>moveri</span> <span class='ocrx_word' id='word_1_118' title='bbox 863 1097 1012 1144; x_wconf 89' lang='lat' dir='ltr'>poterat</span> <span class='ocrx_word' id='word_1_119' title='bbox 1042 1092 1074 1131; x_wconf 91' lang='lat' dir='ltr'>si</span> <span class='ocrx_word' id='word_1_120' title='bbox 1104 1104 1183 1131; x_wconf 91' lang='lat' dir='ltr'>non</span> <span class='ocrx_word' id='word_1_121' title='bbox 1213 1092 1379 1144; x_wconf 81' lang='lat' dir='ltr'>imagine</span> <span class='ocrx_word' id='word_1_122' title='bbox 1410 1092 1687 1145; x_wconf 77' lang='lat' dir='ltr'>l‘olygnoti⁷2)‚</span> 
     </span>
     <span class='ocr_line' id='line_1_15' title="bbox 177 1160 1687 1214; baseline -0.001 -12"><span class='ocrx_word' id='word_1_123' title='bbox 177 1162 244 1214; x_wconf 90' lang='lat' dir='ltr'>qui</span> <span class='ocrx_word' id='word_1_124' title='bbox 280 1174 367 1201; x_wconf 92' lang='lat' dir='ltr'>cum</span> <span class='ocrx_word' id='word_1_125' title='bbox 401 1161 622 1201; x_wconf 89' lang='lat' dir='ltr'>Stesichoro</span> <span class='ocrx_word' id='word_1_126' title='bbox 659 1160 698 1199; x_wconf 92' lang='lat' dir='ltr'>in</span> <span class='ocrx_word' id='word_1_127' title='bbox 728 1173 807 1199; x_wconf 92' lang='lat' dir='ltr'>non</span> <span class='ocrx_word' id='word_1_128' title='bbox 829 1160 945 1199; x_wconf 92' lang='lat' dir='ltr'>nullis</span> <span class='ocrx_word' id='word_1_129' title='bbox 975 1160 1092 1200; x_wconf 89' lang='lat' dir='ltr'>rebus</span> <span class='ocrx_word' id='word_1_130' title='bbox 1123 1160 1338 1200; x_wconf 88' lang='lat' dir='ltr'>concinisse</span> <span class='ocrx_word' id='word_1_131' title='bbox 1373 1161 1525 1200; x_wconf 89' lang='lat' dir='ltr'>videtur</span> <span class='ocrx_word' id='word_1_132' title='bbox 1556 1161 1687 1212; x_wconf 87' lang='lat' dir='ltr'>(Paus.</span> 
     </span>
     <span class='ocr_line' id='line_1_16' title="bbox 175 1228 1688 1281; baseline -0.001 -12"><span class='ocrx_word' id='word_1_133' title='bbox 175 1230 304 1278; x_wconf 63' lang='lat'>3426,</span> <span class='ocrx_word' id='word_1_134' title='bbox 335 1231 354 1268; x_wconf 91' lang='lat'>1</span> <span class='ocrx_word' id='word_1_135' title='bbox 388 1235 427 1269; x_wconf 92' lang='lat' dir='ltr'>et</span> <span class='ocrx_word' id='word_1_136' title='bbox 457 1229 498 1277; x_wconf 83' lang='lat'>3)</span> <span class='ocrx_word' id='word_1_137' title='bbox 536 1235 666 1268; x_wconf 92' lang='lat' dir='ltr'>tamen</span> <span class='ocrx_word' id='word_1_138' title='bbox 704 1228 787 1281; x_wconf 91' lang='lat' dir='ltr'>ipsa</span> <span class='ocrx_word' id='word_1_139' title='bbox 823 1228 931 1280; x_wconf 90' lang='lat' dir='ltr'>poesi</span> <span class='ocrx_word' id='word_1_140' title='bbox 973 1228 1225 1267; x_wconf 90' lang='lat' dir='ltr'>Stesichorea.</span> <span class='ocrx_word' id='word_1_141' title='bbox 1288 1228 1407 1267; x_wconf 91' lang='lat' dir='ltr'>Cuius</span> <span class='ocrx_word' id='word_1_142' title='bbox 1446 1228 1548 1267; x_wconf 90' lang='lat' dir='ltr'>inter</span> <span class='ocrx_word' id='word_1_143' title='bbox 1585 1231 1688 1280; x_wconf 83' lang='lat' dir='ltr'>frag-</span> 
     </span>
     <span class='ocr_line' id='line_1_17' title="bbox 178 1293 1686 1350; baseline 0 -12"><span class='ocrx_word' id='word_1_144' title='bbox 178 1305 307 1339; x_wconf 91' lang='lat' dir='ltr'>menta</span> <span class='ocrx_word' id='word_1_145' title='bbox 336 1298 451 1338; x_wconf 90' lang='lat' dir='ltr'>verba</span> <span class='ocrx_word' id='word_1_146' title='bbox 481 1297 589 1338; x_wconf 89' lang='lat' dir='ltr'>obvia</span> <span class='ocrx_word' id='word_1_147' title='bbox 620 1298 720 1337; x_wconf 90' lang='lat' dir='ltr'>fiunt</span> <span class='ocrx_word' id='word_1_148' title='bbox 749 1299 810 1343; x_wconf 82' lang='lat' dir='ltr'>(fr.</span> <span class='ocrx_word' id='word_1_149' title='bbox 834 1297 904 1349; x_wconf 88' lang='lat'>76)</span> <span class='ocrx_word' id='word_1_150' title='bbox 935 1293 1156 1350; x_wconf 81' lang='grc' dir='ltr'>ἇνίψαλον</span> <span class='ocrx_word' id='word_1_151' title='bbox 1182 1295 1343 1345; x_wconf 79' lang='grc' dir='ltr'><em>παῖδα,</em></span> <span class='ocrx_word' id='word_1_152' title='bbox 1376 1297 1530 1349; x_wconf 90' lang='lat' dir='ltr'>quibus,</span> <span class='ocrx_word' id='word_1_153' title='bbox 1562 1297 1594 1337; x_wconf 89' lang='lat' dir='ltr'>si</span> <span class='ocrx_word' id='word_1_154' title='bbox 1624 1310 1686 1338; x_wconf 90' lang='lat' dir='ltr'>res</span> 
     </span>
     <span class='ocr_line' id='line_1_18' title="bbox 176 1364 1686 1419; baseline -0.001 -14"><span class='ocrx_word' id='word_1_155' title='bbox 176 1367 387 1419; x_wconf 85' lang='lat' dir='ltr'>perlustras</span> <span class='ocrx_word' id='word_1_156' title='bbox 431 1378 452 1404; x_wconf 89' lang='lat' dir='ltr'>a</span> <span class='ocrx_word' id='word_1_157' title='bbox 498 1366 717 1405; x_wconf 91' lang='lat' dir='ltr'>Stesichoro</span> <span class='ocrx_word' id='word_1_158' title='bbox 763 1370 961 1412; x_wconf 88' lang='lat' dir='ltr'>tractatas,</span> <span class='ocrx_word' id='word_1_159' title='bbox 1006 1364 1069 1402; x_wconf 88' lang='lat' dir='ltr'>vix</span> <span class='ocrx_word' id='word_1_160' title='bbox 1113 1364 1231 1403; x_wconf 89' lang='lat' dir='ltr'>alium</span> <span class='ocrx_word' id='word_1_161' title='bbox 1276 1364 1404 1403; x_wconf 91' lang='lat' dir='ltr'>locum</span> <span class='ocrx_word' id='word_1_162' title='bbox 1449 1365 1686 1416; x_wconf 87' lang='lat' dir='ltr'>indagaveris</span> 
     </span>
     <span class='ocr_line' id='line_1_19' title="bbox 176 1434 1686 1488; baseline -0.001 -12"><span class='ocrx_word' id='word_1_163' title='bbox 176 1449 292 1488; x_wconf 88' lang='lat' dir='ltr'>quam</span> <span class='ocrx_word' id='word_1_164' title='bbox 336 1435 625 1488; x_wconf 87' lang='lat' dir='ltr'>lliupersidem;</span> <span class='ocrx_word' id='word_1_165' title='bbox 669 1440 1041 1475; x_wconf 82' lang='lat' dir='ltr'>commemoraverat</span> <span class='ocrx_word' id='word_1_166' title='bbox 1084 1434 1186 1474; x_wconf 91' lang='lat' dir='ltr'>enim</span> <span class='ocrx_word' id='word_1_167' title='bbox 1234 1440 1400 1475; x_wconf 89' lang='lat' dir='ltr'>mortem</span> <span class='ocrx_word' id='word_1_168' title='bbox 1446 1434 1686 1488; x_wconf 83' lang='lat' dir='ltr'>Astyanactis</span> 
     </span>
     <span class='ocr_line' id='line_1_20' title="bbox 178 1500 1685 1557; baseline -0.001 -14"><span class='ocrx_word' id='word_1_169' title='bbox 178 1503 423 1544; x_wconf 83' lang='lat' dir='ltr'>Stesichorus</span> <span class='ocrx_word' id='word_1_170' title='bbox 437 1503 599 1555; x_wconf 84' lang='lat' dir='ltr'>(fr.20);</span> <span class='ocrx_word' id='word_1_171' title='bbox 617 1500 834 1557; x_wconf 80' lang='grc' dir='ltr'>ἇνίψαλον</span> <span class='ocrx_word' id='word_1_172' title='bbox 850 1500 994 1541; x_wconf 76' lang='grc' dir='ltr'><em>παῖδα</em></span> <span class='ocrx_word' id='word_1_173' title='bbox 1008 1502 1070 1540; x_wconf 93' lang='lat' dir='ltr'>ille</span> <span class='ocrx_word' id='word_1_174' title='bbox 1088 1502 1183 1541; x_wconf 88' lang='lat' dir='ltr'>dixit</span> <span class='ocrx_word' id='word_1_175' title='bbox 1199 1504 1278 1541; x_wconf 90' lang='lat' dir='ltr'>fere</span> <span class='ocrx_word' id='word_1_176' title='bbox 1294 1503 1547 1554; x_wconf 88' lang='lat' dir='ltr'>utEuripides</span> <span class='ocrx_word' id='word_1_177' title='bbox 1557 1516 1591 1541; x_wconf 92' lang='lat' dir='ltr'>v.</span> <span class='ocrx_word' id='word_1_178' title='bbox 1606 1503 1685 1542; x_wconf 81' lang='lat'>765</span> 
     </span>
     <span class='ocr_line' id='line_1_21' title="bbox 411 1567 1448 1622; baseline 0.001 -10"><span class='ocrx_word' id='word_1_179' title='bbox 411 1574 453 1612; x_wconf 84' lang='grc' dir='ltr'>τί</span> <span class='ocrx_word' id='word_1_180' title='bbox 483 1569 609 1613; x_wconf 83' lang='grc' dir='ltr'><em>τόνδε</em></span> <span class='ocrx_word' id='word_1_181' title='bbox 640 1570 819 1612; x_wconf 81' lang='grc' dir='ltr'><em>παῖδα</em></span> <span class='ocrx_word' id='word_1_182' title='bbox 848 1571 1030 1611; x_wconf 78' lang='grc' dir='ltr'><em>κτείνετ’</em></span> <span class='ocrx_word' id='word_1_183' title='bbox 1061 1567 1218 1612; x_wconf 77' lang='grc' dir='ltr'><em>οὐδὲν</em></span> <span class='ocrx_word' id='word_1_184' title='bbox 1248 1572 1448 1622; x_wconf 60' lang='lat' dir='ltr'>alnov,-</span> 
     </span>
     <span class='ocr_line' id='line_1_22' title="bbox 176 1636 1684 1693; baseline 0 -13"><span class='ocrx_word' id='word_1_185' title='bbox 176 1641 420 1693; x_wconf 86' lang='lat' dir='ltr'>Quamquam</span> <span class='ocrx_word' id='word_1_186' title='bbox 452 1640 497 1679; x_wconf 93' lang='lat' dir='ltr'>de</span> <span class='ocrx_word' id='word_1_187' title='bbox 530 1639 750 1679; x_wconf 92' lang='lat' dir='ltr'>Stesichoro</span> <span class='ocrx_word' id='word_1_188' title='bbox 781 1639 966 1690; x_wconf 86' lang='lat' dir='ltr'>legimus:</span> <span class='ocrx_word' id='word_1_189' title='bbox 1006 1636 1171 1692; x_wconf 75' lang='grc' dir='ltr'><em>ἱστορεῖ</em></span> <span class='ocrx_word' id='word_1_190' title='bbox 1201 1637 1411 1692; x_wconf 76' lang='grc' dir='ltr'><strong>(ἱστορεῖν</strong></span> <span class='ocrx_word' id='word_1_191' title='bbox 1442 1640 1576 1690; x_wconf 79' lang='lat' dir='ltr'>Cobet)</span> <span class='ocrx_word' id='word_1_192' title='bbox 1616 1636 1684 1680; x_wconf 84' lang='grc' dir='ltr'>ὅτι</span> 
     </span>
     <span class='ocr_line' id='line_1_23' title="bbox 176 1704 1686 1762; baseline 0 -14"><span class='ocrx_word' id='word_1_193' title='bbox 176 1706 382 1762; x_wconf 75' lang='grc' dir='ltr'><em>τεθνήκοι</em></span> <span class='ocrx_word' id='word_1_194' title='bbox 416 1707 456 1757; x_wconf 84' lang='grc' dir='ltr'>(ὁ</span> <span class='ocrx_word' id='word_1_195' title='bbox 479 1705 756 1759; x_wconf 78' lang='grc' dir='ltr'>Ἀστύαναξ),</span> <span class='ocrx_word' id='word_1_196' title='bbox 796 1707 869 1746; x_wconf 82' lang='grc' dir='ltr'>καὶ</span> <span class='ocrx_word' id='word_1_197' title='bbox 899 1707 974 1747; x_wconf 84' lang='grc' dir='ltr'>τὸν</span> <span class='ocrx_word' id='word_1_198' title='bbox 1002 1706 1079 1758; x_wconf 75' lang='grc' dir='ltr'>τήν</span> <span class='ocrx_word' id='word_1_199' title='bbox 1102 1704 1230 1747; x_wconf 79' lang='grc' dir='ltr'><em>Ἰλίου</em></span> <span class='ocrx_word' id='word_1_200' title='bbox 1265 1707 1457 1761; x_wconf 81' lang='grc' dir='ltr'><em>πέρσιδα</em></span> <span class='ocrx_word' id='word_1_201' title='bbox 1488 1721 1686 1749; x_wconf 84' lang='grc' dir='ltr'><em>συντετα-</em></span> 
     </span>
     <span class='ocr_line' id='line_1_24' title="bbox 175 1771 1682 1831; baseline -0.001 -13"><span class='ocrx_word' id='word_1_202' title='bbox 175 1772 282 1828; x_wconf 85' lang='grc' dir='ltr'>χότα</span> <span class='ocrx_word' id='word_1_203' title='bbox 302 1774 502 1818; x_wconf 82' lang='grc' dir='ltr'><em>κυκλικὸν</em></span> <span class='ocrx_word' id='word_1_204' title='bbox 533 1774 735 1831; x_wconf 79' lang='grc' dir='ltr'><em>ποιητήν,</em></span> <span class='ocrx_word' id='word_1_205' title='bbox 768 1771 836 1816; x_wconf 83' lang='grc' dir='ltr'>ὅτι</span> <span class='ocrx_word' id='word_1_206' title='bbox 868 1774 939 1815; x_wconf 85' lang='grc' dir='ltr'>καὶ</span> <span class='ocrx_word' id='word_1_207' title='bbox 971 1772 1062 1816; x_wconf 74' lang='grc' dir='ltr'>ἀπὸ</span> <span class='ocrx_word' id='word_1_208' title='bbox 1093 1775 1170 1816; x_wconf 89' lang='grc' dir='ltr'>τοῦ</span> <span class='ocrx_word' id='word_1_209' title='bbox 1189 1776 1356 1828; x_wconf 81' lang='grc' dir='ltr'><em>τείχους</em></span> <span class='ocrx_word' id='word_1_210' title='bbox 1378 1774 1543 1831; x_wconf 76' lang='grc' dir='ltr'>ῥιφείη,</span> <span class='ocrx_word' id='word_1_211' title='bbox 1568 1776 1682 1816; x_wconf 86' lang='lat' dir='ltr'>Euri-</span> 
     </span>
     <span class='ocr_line' id='line_1_25' title="bbox 177 1845 1685 1898; baseline 0 -13"><span class='ocrx_word' id='word_1_212' title='bbox 177 1846 284 1898; x_wconf 90' lang='lat' dir='ltr'>pides</span> <span class='ocrx_word' id='word_1_213' title='bbox 320 1850 453 1885; x_wconf 92' lang='lat' dir='ltr'>contra</span> <span class='ocrx_word' id='word_1_214' title='bbox 485 1845 671 1884; x_wconf 91' lang='lat' dir='ltr'>Leschem</span> <span class='ocrx_word' id='word_1_215' title='bbox 711 1849 868 1884; x_wconf 93' lang='lat' dir='ltr'>secutus</span> <span class='ocrx_word' id='word_1_216' title='bbox 908 1850 978 1884; x_wconf 92' lang='lat' dir='ltr'>est.</span> <span class='ocrx_word' id='word_1_217' title='bbox 1039 1845 1111 1884; x_wconf 91' lang='lat' dir='ltr'>Sed</span> <span class='ocrx_word' id='word_1_218' title='bbox 1147 1845 1256 1883; x_wconf 88' lang='lat' dir='ltr'>facile</span> <span class='ocrx_word' id='word_1_219' title='bbox 1292 1845 1479 1884; x_wconf 90' lang='lat' dir='ltr'>concedes</span> <span class='ocrx_word' id='word_1_220' title='bbox 1521 1846 1685 1885; x_wconf 88' lang='lat' dir='ltr'>crudum</span> 
     </span>
     <span class='ocr_line' id='line_1_26' title="bbox 176 1912 1685 1966; baseline 0.001 -13"><span class='ocrx_word' id='word_1_221' title='bbox 176 1914 269 1955; x_wconf 91' lang='lat' dir='ltr'>illud</span> <span class='ocrx_word' id='word_1_222' title='bbox 301 1926 422 1966; x_wconf 83' lang='lat' dir='ltr'>genus</span> <span class='ocrx_word' id='word_1_223' title='bbox 453 1912 728 1953; x_wconf 91' lang='lat' dir='ltr'>internecionis</span> <span class='ocrx_word' id='word_1_224' title='bbox 758 1926 779 1952; x_wconf 89' lang='lat' dir='ltr'>a</span> <span class='ocrx_word' id='word_1_225' title='bbox 800 1912 946 1952; x_wconf 92' lang='lat' dir='ltr'>Lesche</span> <span class='ocrx_word' id='word_1_226' title='bbox 977 1918 1178 1952; x_wconf 89' lang='lat' dir='ltr'>narratum</span> <span class='ocrx_word' id='word_1_227' title='bbox 1210 1913 1257 1953; x_wconf 88' lang='lat' dir='ltr'>ab</span> <span class='ocrx_word' id='word_1_228' title='bbox 1287 1912 1334 1953; x_wconf 88' lang='lat' dir='ltr'>iis</span> <span class='ocrx_word' id='word_1_229' title='bbox 1364 1913 1567 1953; x_wconf 89' lang='lat' dir='ltr'>inventum</span> <span class='ocrx_word' id='word_1_230' title='bbox 1589 1927 1685 1961; x_wconf 89' lang='lat' dir='ltr'>esse,</span> 
     </span>
     <span class='ocr_line' id='line_1_27' title="bbox 175 1981 1686 2035; baseline 0 -13"><span class='ocrx_word' id='word_1_231' title='bbox 175 1983 241 2034; x_wconf 91' lang='lat' dir='ltr'>qui</span> <span class='ocrx_word' id='word_1_232' title='bbox 270 1994 434 2035; x_wconf 90' lang='lat' dir='ltr'>puerum</span> <span class='ocrx_word' id='word_1_233' title='bbox 467 1981 540 2021; x_wconf 90' lang='lat' dir='ltr'>sihi</span> <span class='ocrx_word' id='word_1_234' title='bbox 575 1982 766 2034; x_wconf 86' lang='lat' dir='ltr'>fingerent</span> <span class='ocrx_word' id='word_1_235' title='bbox 804 1982 907 2022; x_wconf 89' lang='lat' dir='ltr'>haud</span> <span class='ocrx_word' id='word_1_236' title='bbox 936 1982 987 2022; x_wconf 89' lang='lat' dir='ltr'>ita</span> <span class='ocrx_word' id='word_1_237' title='bbox 1018 1994 1201 2034; x_wconf 90' lang='lat' dir='ltr'>parvum,</span> <span class='ocrx_word' id='word_1_238' title='bbox 1243 1982 1373 2022; x_wconf 91' lang='lat' dir='ltr'>minus</span> <span class='ocrx_word' id='word_1_239' title='bbox 1412 1982 1450 2021; x_wconf 90' lang='lat' dir='ltr'>id</span> <span class='ocrx_word' id='word_1_240' title='bbox 1481 1983 1686 2023; x_wconf 88' lang='lat' dir='ltr'>convenire</span> 
     </span>
     <span class='ocr_line' id='line_1_28' title="bbox 178 2050 1687 2102; baseline 0.001 -13"><span class='ocrx_word' id='word_1_241' title='bbox 178 2050 334 2097; x_wconf 86' lang='lat' dir='ltr'>infanti,</span> <span class='ocrx_word' id='word_1_242' title='bbox 375 2051 478 2102; x_wconf 92' lang='lat' dir='ltr'>quod</span> <span class='ocrx_word' id='word_1_243' title='bbox 507 2050 547 2089; x_wconf 94' lang='lat' dir='ltr'>in</span> <span class='ocrx_word' id='word_1_244' title='bbox 579 2050 781 2089; x_wconf 91' lang='lat' dir='ltr'>hominum</span> <span class='ocrx_word' id='word_1_245' title='bbox 821 2062 1030 2102; x_wconf 89' lang='lat' dir='ltr'>rerumque</span> <span class='ocrx_word' id='word_1_246' title='bbox 1069 2050 1240 2090; x_wconf 90' lang='lat' dir='ltr'>tumultu</span> <span class='ocrx_word' id='word_1_247' title='bbox 1277 2056 1315 2089; x_wconf 90' lang='lat' dir='ltr'>et</span> <span class='ocrx_word' id='word_1_248' title='bbox 1345 2050 1541 2089; x_wconf 86' lang='lat' dir='ltr'>collisione</span> <span class='ocrx_word' id='word_1_249' title='bbox 1579 2051 1687 2090; x_wconf 84' lang='lat' dir='ltr'>facile</span> 
     </span>
     <span class='ocr_line' id='line_1_29' title="bbox 175 2118 1686 2166; baseline 0.001 -8"><span class='ocrx_word' id='word_1_250' title='bbox 175 2118 369 2166; x_wconf 86' lang='lat' dir='ltr'>interibat,</span> <span class='ocrx_word' id='word_1_251' title='bbox 406 2118 507 2157; x_wconf 91' lang='lat' dir='ltr'>sicut</span> <span class='ocrx_word' id='word_1_252' title='bbox 537 2118 659 2157; x_wconf 89' lang='lat' dir='ltr'>voluit</span> <span class='ocrx_word' id='word_1_253' title='bbox 689 2118 947 2158; x_wconf 90' lang='lat' dir='ltr'>Stesichorus.</span> <span class='ocrx_word' id='word_1_254' title='bbox 1007 2119 1133 2165; x_wconf 86' lang='lat' dir='ltr'>Quare</span> <span class='ocrx_word' id='word_1_255' title='bbox 1173 2119 1274 2158; x_wconf 90' lang='lat' dir='ltr'>haud</span> <span class='ocrx_word' id='word_1_256' title='bbox 1311 2118 1471 2158; x_wconf 86' lang='lat' dir='ltr'>arbitrio</span> <span class='ocrx_word' id='word_1_257' title='bbox 1502 2119 1558 2158; x_wconf 90' lang='lat' dir='ltr'>uti</span> <span class='ocrx_word' id='word_1_258' title='bbox 1591 2119 1686 2159; x_wconf 92' lang='lat' dir='ltr'>mihi</span> 
     </span>
     <span class='ocr_line' id='line_1_30' title="bbox 176 2186 1687 2239; baseline 0.001 -15"><span class='ocrx_word' id='word_1_259' title='bbox 176 2186 308 2225; x_wconf 90' lang='lat' dir='ltr'>videor</span> <span class='ocrx_word' id='word_1_260' title='bbox 338 2186 370 2225; x_wconf 94' lang='lat' dir='ltr'>si</span> <span class='ocrx_word' id='word_1_261' title='bbox 400 2186 495 2225; x_wconf 89' lang='lat' dir='ltr'>duas</span> <span class='ocrx_word' id='word_1_262' title='bbox 526 2186 723 2225; x_wconf 89' lang='lat' dir='ltr'>versiones</span> <span class='ocrx_word' id='word_1_263' title='bbox 743 2186 967 2239; x_wconf 91' lang='lat' dir='ltr'>Euripidem</span> <span class='ocrx_word' id='word_1_264' title='bbox 999 2186 1292 2226; x_wconf 91' lang='lat' dir='ltr'>commiscuisse</span> <span class='ocrx_word' id='word_1_265' title='bbox 1322 2192 1496 2234; x_wconf 82' lang='lat' dir='ltr'>autumo,</span> <span class='ocrx_word' id='word_1_266' title='bbox 1528 2200 1617 2226; x_wconf 90' lang='lat' dir='ltr'>cum</span> <span class='ocrx_word' id='word_1_267' title='bbox 1649 2195 1687 2227; x_wconf 92' lang='lat' dir='ltr'>et</span> 
     </span>
     <span class='ocr_line' id='line_1_31' title="bbox 175 2254 1687 2302; baseline 0.002 -9"><span class='ocrx_word' id='word_1_268' title='bbox 175 2254 361 2294; x_wconf 81' lang='lat' dir='ltr'>infantem</span> <span class='ocrx_word' id='word_1_269' title='bbox 392 2255 608 2302; x_wconf 86' lang='lat' dir='ltr'>induceret,</span> <span class='ocrx_word' id='word_1_270' title='bbox 652 2255 763 2295; x_wconf 91' lang='lat' dir='ltr'>cuius</span> <span class='ocrx_word' id='word_1_271' title='bbox 793 2256 840 2295; x_wconf 89' lang='lat' dir='ltr'>ad</span> <span class='ocrx_word' id='word_1_272' title='bbox 882 2254 1029 2295; x_wconf 90' lang='lat' dir='ltr'>obitum</span> <span class='ocrx_word' id='word_1_273' title='bbox 1069 2254 1264 2295; x_wconf 90' lang='lat' dir='ltr'>levissima</span> <span class='ocrx_word' id='word_1_274' title='bbox 1294 2255 1440 2294; x_wconf 84' lang='lat' dir='ltr'>offensa</span> <span class='ocrx_word' id='word_1_275' title='bbox 1471 2255 1687 2296; x_wconf 86' lang='lat' dir='ltr'>sufficiebat</span> 
     </span>
     <span class='ocr_line' id='line_1_32' title="bbox 176 2321 1684 2375; baseline 0.001 -14"><span class='ocrx_word' id='word_1_276' title='bbox 176 2321 328 2373; x_wconf 91' lang='lat' dir='ltr'>(scenae</span> <span class='ocrx_word' id='word_1_277' title='bbox 359 2334 402 2361; x_wconf 92' lang='lat' dir='ltr'>ea</span> <span class='ocrx_word' id='word_1_278' title='bbox 432 2322 587 2374; x_wconf 92' lang='lat' dir='ltr'>quidem</span> <span class='ocrx_word' id='word_1_279' title='bbox 618 2322 777 2375; x_wconf 75' lang='lat' dir='ltr'>inepta),</span> <span class='ocrx_word' id='word_1_280' title='bbox 810 2329 848 2363; x_wconf 92' lang='lat' dir='ltr'>et</span> <span class='ocrx_word' id='word_1_281' title='bbox 877 2335 946 2375; x_wconf 88' lang='lat' dir='ltr'>per</span> <span class='ocrx_word' id='word_1_282' title='bbox 974 2323 1153 2374; x_wconf 83' lang='lat' dir='ltr'>ambages</span> <span class='ocrx_word' id='word_1_283' title='bbox 1188 2322 1271 2362; x_wconf 89' lang='lat' dir='ltr'>illas</span> <span class='ocrx_word' id='word_1_284' title='bbox 1302 2323 1429 2362; x_wconf 89' lang='lat' dir='ltr'>necari</span> <span class='ocrx_word' id='word_1_285' title='bbox 1460 2323 1499 2362; x_wconf 91' lang='lat' dir='ltr'>id</span> <span class='ocrx_word' id='word_1_286' title='bbox 1530 2325 1684 2363; x_wconf 90' lang='lat' dir='ltr'>faceret.</span> 
     </span>
     <span class='ocr_line' id='line_1_33' title="bbox 287 2391 1685 2443; baseline 0.001 -12"><span class='ocrx_word' id='word_1_287' title='bbox 287 2391 383 2431; x_wconf 90' lang='lat' dir='ltr'>Item</span> <span class='ocrx_word' id='word_1_288' title='bbox 423 2403 503 2431; x_wconf 92' lang='lat' dir='ltr'>non</span> <span class='ocrx_word' id='word_1_289' title='bbox 540 2391 663 2431; x_wconf 91' lang='lat' dir='ltr'>seduli</span> <span class='ocrx_word' id='word_1_290' title='bbox 698 2404 809 2443; x_wconf 87' lang='lat' dir='ltr'>agere</span> <span class='ocrx_word' id='word_1_291' title='bbox 845 2391 1080 2439; x_wconf 89' lang='lat' dir='ltr'>videbimur,</span> <span class='ocrx_word' id='word_1_292' title='bbox 1119 2391 1152 2431; x_wconf 90' lang='lat' dir='ltr'>si</span> <span class='ocrx_word' id='word_1_293' title='bbox 1182 2397 1449 2432; x_wconf 86' lang='lat' dir='ltr'>monstramus</span> <span class='ocrx_word' id='word_1_294' title='bbox 1479 2392 1614 2432; x_wconf 90' lang='lat' dir='ltr'>saltem</span> <span class='ocrx_word' id='word_1_295' title='bbox 1646 2393 1685 2432; x_wconf 91' lang='lat' dir='ltr'>in</span> 
     </span>
     <span class='ocr_line' id='line_1_34' title="bbox 176 2457 1685 2511; baseline 0.002 -15"><span class='ocrx_word' id='word_1_296' title='bbox 176 2457 353 2497; x_wconf 89' lang='lat' dir='ltr'>Hecubae</span> <span class='ocrx_word' id='word_1_297' title='bbox 373 2458 534 2506; x_wconf 88' lang='lat' dir='ltr'>cantico,</span> <span class='ocrx_word' id='word_1_298' title='bbox 565 2471 586 2498; x_wconf 86' lang='lat' dir='ltr'>a</span> <span class='ocrx_word' id='word_1_299' title='bbox 609 2459 819 2499; x_wconf 86' lang='lat' dir='ltr'>Stesichori</span> <span class='ocrx_word' id='word_1_300' title='bbox 851 2465 893 2498; x_wconf 92' lang='lat' dir='ltr'>ut</span> <span class='ocrx_word' id='word_1_301' title='bbox 922 2460 1154 2511; x_wconf 89' lang='lat' dir='ltr'>putabamus</span> <span class='ocrx_word' id='word_1_302' title='bbox 1184 2458 1399 2497; x_wconf 88' lang='lat' dir='ltr'>imitatione</span> <span class='ocrx_word' id='word_1_303' title='bbox 1429 2460 1531 2499; x_wconf 92' lang='lat' dir='ltr'>haud</span> <span class='ocrx_word' id='word_1_304' title='bbox 1553 2473 1685 2505; x_wconf 90' lang='lat' dir='ltr'>vacuo,</span> 
     </span>
    </p>
   </div>
   <div class='ocr_carea' id='block_1_3' title="bbox 173 2557 1686 2945">
    <p class='ocr_par' dir='ltr' id='par_1_3' title="bbox 174 2557 1685 2772">
     <span class='ocr_line' id='line_1_35' title="bbox 285 2557 1685 2602; baseline 0.001 -11"><span class='ocrx_word' id='word_1_305' title='bbox 285 2558 326 2599; x_wconf 82' lang='lat'>⁷⁰)</span> <span class='ocrx_word' id='word_1_306' title='bbox 352 2558 510 2592; x_wconf 86' lang='lat' dir='ltr'>Forsitan</span> <span class='ocrx_word' id='word_1_307' title='bbox 542 2568 615 2591; x_wconf 84' lang='lat' dir='ltr'>cuin</span> <span class='ocrx_word' id='word_1_308' title='bbox 645 2568 681 2590; x_wconf 86' lang='lat' dir='ltr'>se</span> <span class='ocrx_word' id='word_1_309' title='bbox 713 2557 906 2592; x_wconf 87' lang='lat' dir='ltr'>defenderet</span> <span class='ocrx_word' id='word_1_310' title='bbox 930 2570 1029 2592; x_wconf 91' lang='lat' dir='ltr'>unum</span> <span class='ocrx_word' id='word_1_311' title='bbox 1053 2559 1199 2592; x_wconf 88' lang='lat' dir='ltr'>militum</span> <span class='ocrx_word' id='word_1_312' title='bbox 1224 2559 1428 2602; x_wconf 84' lang='lat' dir='ltr'>captantium</span> <span class='ocrx_word' id='word_1_313' title='bbox 1453 2558 1685 2600; x_wconf 81' lang='lat' dir='ltr'>interfecerit3</span> 
     </span>
     <span class='ocr_line' id='line_1_36' title="bbox 175 2615 1685 2659; baseline 0.001 -12"><span class='ocrx_word' id='word_1_314' title='bbox 175 2624 268 2657; x_wconf 80' lang='lat' dir='ltr'>quam</span> <span class='ocrx_word' id='word_1_315' title='bbox 298 2616 337 2647; x_wconf 79' lang='lat' dir='ltr'>ad</span> <span class='ocrx_word' id='word_1_316' title='bbox 362 2616 525 2659; x_wconf 80' lang='lat' dir='ltr'>puerilem</span> <span class='ocrx_word' id='word_1_317' title='bbox 550 2615 777 2649; x_wconf 87' lang='lat' dir='ltr'>defensionem</span> <span class='ocrx_word' id='word_1_318' title='bbox 802 2617 903 2650; x_wconf 86' lang='lat' dir='ltr'>etiam</span> <span class='ocrx_word' id='word_1_319' title='bbox 928 2616 969 2650; x_wconf 87' lang='lat' dir='ltr'>fr.</span> <span class='ocrx_word' id='word_1_320' title='bbox 995 2617 1037 2649; x_wconf 88' lang='lat'>33</span> <span class='ocrx_word' id='word_1_321' title='bbox 1064 2616 1242 2649; x_wconf 84' lang='lat' dir='ltr'>rettuleris</span> <span class='ocrx_word' id='word_1_322' title='bbox 1267 2616 1377 2659; x_wconf 89' lang='lat' dir='ltr'>aptius</span> <span class='ocrx_word' id='word_1_323' title='bbox 1403 2621 1496 2649; x_wconf 84' lang='lat' dir='ltr'>certe</span> <span class='ocrx_word' id='word_1_324' title='bbox 1521 2627 1617 2659; x_wconf 80' lang='lat' dir='ltr'>quam</span> <span class='ocrx_word' id='word_1_325' title='bbox 1644 2618 1685 2649; x_wconf 85' lang='lat' dir='ltr'>ad</span> 
     </span>
     <span class='ocr_line' id='line_1_37' title="bbox 174 2672 1683 2715; baseline 0.003 -12"><span class='ocrx_word' id='word_1_326' title='bbox 174 2672 297 2712; x_wconf 85' lang='lat' dir='ltr'>proelii</span> <span class='ocrx_word' id='word_1_327' title='bbox 322 2673 588 2714; x_wconf 88' lang='lat' dir='ltr'>vicissitudines,</span> <span class='ocrx_word' id='word_1_328' title='bbox 620 2673 737 2715; x_wconf 89' lang='lat' dir='ltr'>quibus</span> <span class='ocrx_word' id='word_1_329' title='bbox 764 2674 951 2707; x_wconf 88' lang='lat' dir='ltr'>recolendis</span> <span class='ocrx_word' id='word_1_330' title='bbox 977 2675 1012 2706; x_wconf 91' lang='lat' dir='ltr'>in</span> <span class='ocrx_word' id='word_1_331' title='bbox 1036 2676 1097 2707; x_wconf 88' lang='lat' dir='ltr'>hoc</span> <span class='ocrx_word' id='word_1_332' title='bbox 1122 2676 1272 2707; x_wconf 87' lang='lat' dir='ltr'>dramate</span> <span class='ocrx_word' id='word_1_333' title='bbox 1299 2685 1359 2706; x_wconf 87' lang='lat' dir='ltr'>non</span> <span class='ocrx_word' id='word_1_334' title='bbox 1387 2674 1450 2706; x_wconf 86' lang='lat' dir='ltr'>iam</span> <span class='ocrx_word' id='word_1_335' title='bbox 1475 2675 1571 2707; x_wconf 89' lang='lat' dir='ltr'>locus</span> <span class='ocrx_word' id='word_1_336' title='bbox 1598 2676 1683 2708; x_wconf 80' lang='lat' dir='ltr'>satis</span> 
     </span>
     <span class='ocr_line' id='line_1_38' title="bbox 175 2726 1038 2772; baseline 0.005 -14"><span class='ocrx_word' id='word_1_337' title='bbox 175 2726 314 2761; x_wconf 89' lang='lat' dir='ltr'>idoneus</span> <span class='ocrx_word' id='word_1_338' title='bbox 339 2728 458 2771; x_wconf 85' lang='lat' dir='ltr'>fuerit3</span> <span class='ocrx_word' id='word_1_339' title='bbox 485 2740 565 2772; x_wconf 89' lang='lat' dir='ltr'>puer</span> <span class='ocrx_word' id='word_1_340' title='bbox 591 2729 698 2772; x_wconf 86' lang='lat' dir='ltr'>igitur</span> <span class='ocrx_word' id='word_1_341' title='bbox 722 2730 865 2772; x_wconf 85' lang='lat' dir='ltr'>gloriari</span> <span class='ocrx_word' id='word_1_342' title='bbox 890 2731 1038 2764; x_wconf 82' lang='lat' dir='ltr'>videtur.</span> 
     </span>
    </p>

    <p class='ocr_par' dir='ltr' id='par_1_4' title="bbox 285 2785 716 2831">
     <span class='ocr_line' id='line_1_39' title="bbox 285 2785 716 2831; baseline 0 -12"><span class='ocrx_word' id='word_1_343' title='bbox 285 2785 329 2827; x_wconf 74' lang='lat'>⁵¹¹)</span> <span class='ocrx_word' id='word_1_344' title='bbox 355 2797 385 2819; x_wconf 90' lang='lat' dir='ltr'>v.</span> <span class='ocrx_word' id='word_1_345' title='bbox 411 2786 501 2820; x_wconf 78' lang='lat' dir='ltr'>infra</span> <span class='ocrx_word' id='word_1_346' title='bbox 524 2798 555 2831; x_wconf 90' lang='lat' dir='ltr'>p.</span> <span class='ocrx_word' id='word_1_347' title='bbox 582 2787 623 2820; x_wconf 80' lang='lat'>73</span> <span class='ocrx_word' id='word_1_348' title='bbox 648 2798 716 2831; x_wconf 92' lang='lat' dir='ltr'>sqq.</span> 
     </span>
    </p>

    <p class='ocr_par' dir='ltr' id='par_1_5' title="bbox 173 2840 1686 2945">
     <span class='ocr_line' id='line_1_40' title="bbox 286 2840 1686 2891; baseline 0.001 -16"><span class='ocrx_word' id='word_1_349' title='bbox 286 2843 327 2882; x_wconf 79' lang='lat'>⁷²)</span> <span class='ocrx_word' id='word_1_350' title='bbox 352 2842 449 2877; x_wconf 78' lang='lat' dir='ltr'>Paus.</span> <span class='ocrx_word' id='word_1_351' title='bbox 467 2843 501 2876; x_wconf 91' lang='lat' dir='ltr'>X</span> <span class='ocrx_word' id='word_1_352' title='bbox 519 2845 572 2886; x_wconf 90' lang='lat'>25,</span> <span class='ocrx_word' id='word_1_353' title='bbox 590 2845 620 2877; x_wconf 83' lang='lat'>4.</span> <span class='ocrx_word' id='word_1_354' title='bbox 644 2845 843 2891; x_wconf 79' lang='grc' dir='ltr'><em>γέγραπται</em></span> <span class='ocrx_word' id='word_1_355' title='bbox 865 2843 935 2888; x_wconf 78' lang='grc' dir='ltr'>μὲν</span> <span class='ocrx_word' id='word_1_356' title='bbox 954 2840 1193 2891; x_wconf 74' lang='grc' dir='ltr'><em>Ἀνδρομάχη,</em></span> <span class='ocrx_word' id='word_1_357' title='bbox 1216 2845 1276 2878; x_wconf 87' lang='grc' dir='ltr'>καὶ</span> <span class='ocrx_word' id='word_1_358' title='bbox 1301 2842 1320 2876; x_wconf 89' lang='grc' dir='ltr'><strong>ὁ</strong></span> <span class='ocrx_word' id='word_1_359' title='bbox 1347 2845 1435 2881; x_wconf 83' lang='grc' dir='ltr'><em>παῖς</em></span> <span class='ocrx_word' id='word_1_360' title='bbox 1458 2844 1491 2877; x_wconf 86' lang='grc' dir='ltr'>οἱ</span> <span class='ocrx_word' id='word_1_361' title='bbox 1510 2844 1686 2889; x_wconf 78' lang='grc' dir='ltr'><em>προέστη-</em></span> 
     </span>
     <span class='ocr_line' id='line_1_41' title="bbox 173 2895 678 2945; baseline 0.008 -15"><span class='ocrx_word' id='word_1_362' title='bbox 173 2908 234 2932; x_wconf 80' lang='grc' dir='ltr'>κεν</span> <span class='ocrx_word' id='word_1_363' title='bbox 255 2895 418 2943; x_wconf 81' lang='grc' dir='ltr'>ἑλόμενος</span> <span class='ocrx_word' id='word_1_364' title='bbox 440 2902 504 2934; x_wconf 79' lang='grc' dir='ltr'>τοῦ</span> <span class='ocrx_word' id='word_1_365' title='bbox 526 2901 678 2945; x_wconf 83' lang='grc' dir='ltr'><em>μαστοῦ.</em></span> 
     </span>
    </p>
   </div>
  </div>
 </body>
</html>
