1937 3315
844 190 902 196 -
962 167 1017 208 45
1083 191 1134 196 -.

235 281 366 322 cidens
404 283 449 323 ad
488 284 558 323 alia
595 282 697 322 illius
735 283 904 323 carmina
935 285 1183 336 exprimenda
1214 283 1389 323 animum
1423 248 1865 407 addd'ffflffifllgfss‘fffi„

233 349 273 389 in
309 351 519 391 Stesichori
549 351 705 402 quidem
737 350 962 404 Iliuperside
1006 351 1304 403 comparandam
1338 363 1379 389 se
1421 352 1578 403 praebet
1616 341 1630 391 t
1808 372 1810 374 v

237 418 347 459 Iliaca
378 426 497 460 totam
529 419 633 459 illam
665 420 878 472 exprimere
909 432 951 459 se
980 421 1169 471 professa3
1201 419 1266 459 sed
1297 432 1414 470 quam
1437 420 1607 472 ambigui
1627 419 1740 473 pretii
1770 406 1812 444 ’ξφ
1840 444 1844 448 ·

231 485 270 525 id
314 487 365 526 sit
395 487 594 534 auxilium,
640 487 741 526 inter
785 500 920 527 omnes
964 493 1126 527 constat.
1218 487 1317 526 Sunt
1361 487 1464 526 enim
1510 500 1588 527 non
1624 489 1740 527 modo

233 567 293 594 res
316 555 474 595 Latinae
496 554 649 594 Graecis
680 555 882 604 admixtae,
914 564 957 597 ut
978 555 1161 596 Camillus
1181 554 1219 594 in
1242 555 1455 607 Polyxenae
1476 555 1738 596 immolatione

230 634 424 673 praesens,
454 623 618 662 Penates
632 620 706 674 ⁵²⁸)
727 624 887 670 Aeneae,
919 627 1082 664 fortasse
1102 622 1217 662 etiam
1240 622 1423 671 Misenus,
1455 624 1522 663 sed
1544 636 1592 663 ne
1613 631 1737 663 cetera

230 690 386 741 quidem
425 702 514 730 cum
548 690 758 730 Stesichori
797 691 969 745 reliquiis
1010 690 1164 731 aliunde
1199 690 1362 742 cognitis
1400 691 1452 731 ita
1492 692 1737 740 conveniunt,

231 764 274 797 ut
294 770 372 797 non
395 764 463 797 aut
477 771 525 796 ex
545 758 627 797 aliis
648 758 771 811 poetis
795 759 868 807 (vel
889 758 1159 811 scriptoribus)
1191 759 1267 798 huc
1287 759 1430 798 inserta
1446 760 1632 811 quaedam
1651 773 1737 799 esse

231 825 356 877 primo
387 832 545 878 aspectu
576 826 788 874 videantur,
820 833 864 866 ut
883 829 1015 866 sanum
1038 826 1196 866 Veneris
1217 840 1264 866 ex
1283 827 1396 879 Ibyco
1419 830 1481 877 (fr.
1499 827 1551 867 35
1569 828 1736 879 Bergk),

230 892 508 945 Neoptolemus
539 894 753 946 Polyxenae
793 900 979 934 mactator
1022 907 1068 933 ex
1111 894 1226 933 Iliade
1271 907 1383 946 parva
1429 895 1487 933 vel
1530 908 1577 934 ex
1624 895 1735 946 lbyco

229 961 371 1014 (schol.
392 962 484 1002 Eur.
507 961 573 1002 Or.
595 962 660 1001 41.
691 962 745 1001 Ib.
768 963 815 1001 fr.
838 961 920 1011 36),
951 969 1018 1002 aut
1040 961 1257 1002 testimonia
1289 961 1384 1014 ipsa,
1422 962 1524 1002 unde
1554 961 1735 1013 reliquiae

226 1030 312 1070 illae
348 1036 543 1083 petantur,
580 1042 717 1082 parum
755 1037 930 1070 accurata
961 1043 1045 1070 esse
1076 1031 1279 1070 ducantur.
1337 1031 1480 1070 Verum
1512 1037 1640 1070 tamen
1677 1032 1734 1069 fa-

227 1111 321 1138 num
339 1098 511 1145 Veneris,
543 1112 619 1151 quo
650 1098 747 1151 fugit
765 1098 918 1147 Helena,
950 1099 1138 1151 suspicari
1168 1098 1293 1151 possis
1324 1112 1411 1139 cum
1435 1098 1604 1139 Roberto
1635 1099 1677 1151 (l.
1700 1112 1731 1138 c.

225 1180 263 1218 p.
287 1167 356 1218 78)
385 1167 462 1206 iam
493 1169 595 1219 apud
628 1167 893 1207 Stesichorum
923 1168 1049 1207 locum
1083 1167 1261 1207 habuisse
1291 1168 1392 1207 salva
1422 1167 1641 1207 narratione
1670 1167 1733 1206 illa

226 1236 272 1275 de
303 1235 492 1275 militibus
524 1236 687 1275 Helenae
717 1234 956 1275 formositate
997 1234 1194 1283 delenitis;
1240 1236 1333 1275 haec
1368 1235 1471 1275 enim
1518 1235 1644 1273 solum
1686 1234 1731 1273 ad

226 1303 366 1343 milites
397 1310 555 1356 spectat,
586 1304 651 1355 qui
681 1302 842 1342 forsitan
864 1303 1046 1342 Helenam
1078 1309 1122 1342 ut
1141 1303 1181 1342 in
1203 1303 1317 1355 Brygi
1347 1302 1496 1354 pictura
1517 1303 1726 1343 vascularia

224 1385 244 1410 e
261 1371 376 1410 domo
391 1372 429 1410 in
446 1371 645 1423 publicum
662 1371 871 1422 fugientem
889 1370 1005 1423 primi
1021 1370 1294 1422 conspexerint
1310 1376 1348 1409 et
1363 1371 1402 1409 in
1420 1382 1504 1409 eam
1523 1382 1730 1410 concurre-

223 1439 313 1487 rint,
346 1439 439 1479 illud
462 1445 591 1479 autem
615 1438 662 1478 ad
686 1438 898 1479 Menelaum
923 1439 1047 1479 solum
1072 1451 1190 1478 uxore
1212 1438 1251 1489 (a
1273 1437 1461 1478 militibus
1482 1441 1607 1490 capta)
1625 1439 1729 1490 poti-

225 1515 321 1546 tum.
354 1508 417 1547 Sic
434 1508 560 1547 tabula
576 1507 698 1559 possit
714 1520 800 1547 cum
814 1508 967 1559 scriptis
983 1506 1217 1551 concinnari,
1234 1506 1272 1545 in
1290 1519 1366 1557 quo
1385 1513 1535 1546 tantum
1555 1507 1670 1546 modo
1691 1506 1728 1545 id

223 1576 432 1615 obscurum
465 1581 649 1622 remanet,
681 1574 876 1625 quomodo
908 1572 1101 1613 Menelaus
1132 1586 1221 1613 cum
1254 1586 1370 1613 uxore
1402 1575 1523 1626 egerit
1551 1581 1640 1614 ante
1662 1574 1729 1613 de-

221 1644 377 1683 lubrum
408 1643 646 1689 consistens,
693 1642 766 1681 nisi
804 1641 907 1692 quod
951 1640 991 1679 in
1031 1641 1155 1680 tabula
1199 1641 1262 1680 ille
1301 1642 1482 1681 Helenam
1521 1643 1725 1694 collapsam

221 1725 330 1751 coma
367 1711 466 1763 rapit
502 1710 668 1762 gladium
708 1710 744 1749 ei
782 1710 990 1749 intentans.
1049 1708 1091 1747 Id
1128 1715 1257 1748 autem
1298 1709 1440 1749 diserte
1477 1718 1515 1750 et
1551 1710 1728 1762 pluribus

220 1780 313 1819 locis
344 1786 502 1819 notatur
537 1780 584 1818 ab
614 1778 807 1829 Euripide,
853 1789 974 1828 eoque
1016 1789 1106 1823 un0,
1152 1790 1267 1828 quem
1307 1778 1466 1817 omnino
1511 1777 1643 1817 omisit
1683 1778 1727 1817 Ο.

219 1848 382 1888 Jahnius
414 1847 695 1897 (Bilderchron.
725 1858 763 1897 p.
786 1844 869 1892 34),
901 1844 981 1883 Hel.
1009 1845 1111 1883 115:

449 1940 504 1944 ψ
533 1911 557 1969 ἦ
587 1914 660 1954 καὶ
690 1920 874 1964 γυναῖκα
904 1912 1177 1965 Σπαρτιᾶτιν
1206 1912 1364 1964 εἵλετε,-

443 2008 497 2013 -
529 1980 758 2025 ,Μενέλαος
788 1977 919 2033 αὐτὴν
948 1977 1021 2033 ἦγ’
1053 1971 1306 2028 ἒπισπάσας
1336 1980 1482 2035 κόμης.

224 2058 262 2091 et
292 2050 435 2091 ibidem
462 2050 552 2098 116,
584 2049 649 2090 uhi
678 2048 850 2101 loquitur
880 2048 1094 2089 Menelaus:

499 2116 641 2171 Ἑλένη
673 2132 734 2165 τε,
773 2112 932 2170 Τροίας
961 2113 1013 2171 ἣν
1042 2114 1310 2164 ἀποσπάσας
1341 2116 1435 2167 ἔχω.

331 2186 504 2228 Similem
535 2186 575 2227 in
606 2186 765 2227 modum
797 2185 991 2226 Menelaus
1021 2186 1111 2226 Tro.
1133 2185 1214 2226 882
1256 2185 1377 2225 servis
1413 2185 1579 2239 imperat
1616 2185 1720 2225 illam

217 2257 406 2297 adducere
436 2255 570 2309 κόμης
601 2252 956 2301 ἀποσπάσαντες.
1014 2255 1274 2294 Memorabilis
1304 2254 1367 2294 hic
1399 2254 1600 2307 Euripides
1631 2268 1721 2295 cum

219 2324 440 2365 Stesichoro
469 2324 573 2376 picto
603 2329 825 2363 concentus.
887 2322 960 2362 Sed
990 2322 1229 2374 recuperatio
1258 2322 1423 2362 Helenae
1453 2324 1650 2375 quomodo
1682 2336 1722 2363 se

216 2393 332 2431 habet
367 2392 407 2431 in
443 2392 668 2444 Iliuperside
707 2388 947 2441 Euripidea?
991 2390 1149 2429 Praesto
1185 2397 1244 2430 est
1279 2403 1530 2442 responsum3
1575 2397 1721 2430 certam

216 2460 319 2499 enim
350 2473 486 2516 ‚neque
530 2460 659 2499 fictam
690 2459 738 2497 ab
768 2458 852 2510 ipso
883 2457 1050 2497 fabulam
1081 2457 1235 2497 exhibet
1264 2458 1362 2497 hanc
1393 2458 1481 2497 Tro.
1508 2459 1608 2506 9013
1654 2458 1721 2498 ubi

216 2528 410 2584 Menelaus
440 2528 488 2566 ad
517 2528 725 2567 Helenam:

404 2591 479 2635 οὗκ
510 2595 571 2643 εἷς
601 2592 777 2648 ἀκριβὲς
806 2590 962 2649 ἦλθες,
1001 2591 1099 2634 ἀλλ’
1136 2590 1274 2641 ἅπας
1313 2591 1532 2647 στρατὸς

404 2670 617 2704 κτανεῖν
647 2662 768 2717 ἐμοὶ
799 2662 844 2703 σ’
877 2660 1104 2710 ἔδωκεν,
1128 2658 1269 2715 ,ὅνπερ
1299 2659 1478 2716 ἠδίκεις,

328 2823 388 2864 ⁵⁷⁸¹)
414 2823 550 2855 latinius
574 2823 634 2855 ille
659 2823 789 2865 quidem
815 2834 877 2856 non
895 2821 1040 2855 Penates
1063 2822 1120 2854 sed
1146 2822 1215 2854 alia
1231 2822 1387 2864 quaedam
1405 2831 1502 2854 saera
1519 2820 1721 2854 Graecanici

215 2881 326 2924 potius
352 2880 484 2921 generis
509 2879 689 2921 significari
715 2879 896 2912 contendit.
