1937 3315
891 139 1200 179 -71-·

286 262 349 303 isti
379 272 469 300 cum
500 272 520 299 a
550 257 698 311 prologi
727 262 910 297 contextu
941 262 1025 296 tum
1056 268 1076 295 a
1108 254 1227 296 totius
1258 253 1473 307 tragoediae
1504 260 1658 301 tenore;
1688 254 1792 305 quod

284 340 473 382 exponere
506 332 638 379 utpote
669 338 752 365 rem
782 324 1025 365 notissimam
1057 322 1372 376 supersedeo¹⁹);
1403 321 1469 374 qui
1498 334 1634 362 versus
1661 321 1791 361 utillo

283 400 367 438 loco
396 393 658 436 intolerabiles
690 400 794 441 sunt,
825 394 877 433 ita
909 394 949 433 in
978 392 1106 445 priore
1137 391 1343 444 Hippolyto
1374 390 1514 431 alicubi
1543 391 1690 430 fuerint
1719 403 1789 430 ne—

283 477 388 505 cesse
419 470 489 509 est,
520 462 681 501 forsitan
713 461 753 500 in
784 462 872 509 fine,
913 461 966 500 ita
996 466 1040 499 ut
1072 472 1148 499 una
1179 472 1269 499 cum
1298 460 1360 498 illa
1392 458 1587 498 mentione
1628 460 1675 499 de
1711 460 1789 498 im-

283 531 435 573 mortali
464 536 601 571 natura
632 529 837 583 Hippolyto
875 528 1015 569 donata
1044 529 1264 568 referretur.
1302 551 1356 556 -—
1393 527 1442 567 At
1471 526 1605 566 dicunt
1635 527 1788 567 obstare

282 612 416 640 scenae
445 598 672 638 Atheniensi
702 598 907 636 Heroidem
940 597 1165 636 Ovidianam
1198 596 1333 648 (107):
1373 596 1469 644 „Hic
1499 602 1628 636 tecum
1665 597 1787 636 Troe-

280 681 371 710 zena
401 667 523 708 colam
554 665 718 707 Pittheia
749 669 903 718 regna“.
964 665 1065 706 Sane
1094 663 1147 704 ita
1177 676 1197 704 e
1228 669 1406 705 contextu
1438 664 1621 717 abreptus
1651 676 1786 705 versus

281 737 434 788 obloqui
464 737 632 783 videtur;
670 736 735 775 sed
774 735 902 774 videas
942 747 1038 786 quae
1074 735 1322 786 praecedunt.
1382 735 1650 786 Quodcunque
1689 734 1785 786 Hip—

278 805 396 859 polyti
426 804 627 859 proprium
650 809 720 852 est,
751 804 1016 845 adamaturam
1044 815 1084 844 se
1112 803 1318 844 confitetur
1345 802 1482 856 puella,
1514 802 1684 856 primum
1718 816 1784 843 ve-

278 875 472 916 nationem
505 873 603 925 (102
622 873 696 924 sq.)
728 879 811 912 tum
841 873 970 912 locum
1001 870 1111 911 affert
1142 871 1279 924 (105):

490 942 665 994 Aequora
694 940 784 981 bina
814 940 895 980 suis
924 946 1148 993 oppugnant
1175 939 1356 980 fluctibus
1387 940 1575 988 Isthmon,

490 1017 529 1050 et
558 1010 685 1050 tenuis
715 1010 828 1049 tellus
856 1010 962 1049 audit
991 1015 1202 1061 utrumque
1233 1021 1355 1049 mare:

490 1079 575 1118 Hic
605 1086 731 1119 tecum
763 1079 957 1118 Troezena
987 1078 1109 1118 colam
1141 1083 1212 1117 etc.

273 1148 384 1195 Quod
423 1148 470 1188 ad
510 1147 606 1187 duos
637 1159 772 1187 versus
802 1146 951 1200 priores
983 1145 1121 1186 attinet
1151 1146 1335 1199 „capiunt
1364 1146 1458 1186 haec
1488 1158 1624 1186 omnes
1656 1146 1780 1186 inter-

270 1224 399 1269 pretes
437 1218 483 1257 de
518 1217 666 1256 Isthmo
701 1215 957 1262 Corinthiaco,
1000 1215 1066 1254 sed
1102 1215 1349 1255 manifestum
1385 1221 1445 1255 est
1480 1215 1539 1267 agi
1570 1215 1616 1255 de
1655 1215 1777 1255 Troe-

268 1298 371 1332 zene,
413 1298 510 1337 quae
540 1298 618 1325 non
648 1285 688 1324 in
717 1285 866 1325 Isthmo
897 1283 1141 1324 Corinthiaco
1172 1283 1266 1333 sita,
1306 1284 1372 1324 sed
1402 1284 1589 1324 remotior
1618 1284 1666 1324 ab
1696 1283 1773 1332 illo,

267 1366 383 1404 quam
422 1360 464 1392 ut
498 1353 667 1404 Aegeum
713 1359 751 1392 et
785 1352 938 1392 lonium
975 1352 1123 1391 audiret
1161 1356 1305 1392 mare“.
1365 1352 1515 1399 Quibus
1560 1353 1773 1393 Burmanni

266 1419 393 1459 verbis
410 1420 569 1461 omnino
585 1420 784 1461 subscribo
808 1420 861 1459 ita
884 1419 1041 1472 quidem
1058 1425 1101 1459 ut
1124 1419 1383 1460 coniecturam
1401 1420 1504 1460 illius
1522 1420 1771 1473 „utrimque“

266 1488 470 1529 scribentis
500 1502 548 1529 ne
578 1489 833 1529 necessariam
854 1488 1011 1541 quidem
1033 1488 1185 1528 ducam.
1243 1488 1375 1541 Neque
1407 1502 1496 1529 vero
1518 1489 1677 1537 „tenuis
1699 1490 1771 1530 tel-

263 1557 350 1597 lus“
386 1558 432 1597 ad
464 1557 638 1598 Corinthi
667 1558 858 1598 Isthmum
890 1557 1064 1610 quadrat,
1102 1557 1329 1610 praesertim
1362 1558 1394 1598 si
1424 1560 1576 1598 confers
1606 1558 1770 1599 Troeze—

263 1626 371 1665 nium
394 1633 500 1666 tanto
521 1626 722 1679 aptiorem.
767 1627 1018 1667 Difficultates
1038 1632 1181 1674 autem,
1203 1639 1298 1678 quas
1319 1626 1359 1666 in
1381 1627 1495 1667 tertio
1517 1640 1629 1668 versu
1651 1641 1770 1680 quae-

262 1701 365 1743 runt,
406 1702 640 1736 evanescunt
678 1696 910 1748 simulatque
949 1695 1062 1744 „hic“
1103 1695 1207 1735 istud
1238 1708 1327 1735 cum
1350 1696 1680 1748 praecedentibus,
1728 1705 1770 1739 ut

261 1770 565 1804 consentaneum
586 1771 657 1813 est,
688 1765 943 1805 connectitur.
1003 1764 1148 1812 Quodsi
1167 1764 1274 1805 addit
1302 1764 1494 1805 Phaedra:
1526 1766 1630 1814 „Iam
1663 1780 1768 1807 nunc

261 1839 320 1871 est
357 1834 477 1884 patria
514 1833 657 1885 gratior
692 1833 775 1872 illa
814 1838 922 1873 mea“
969 1834 1007 1873 id
1037 1846 1148 1885 aegre
1178 1833 1400 1873 conveniret
1434 1847 1523 1874 cum
1560 1835 1767 1875 Troezenia

261 1913 396 1949 scena3
425 1900 547 1941 immo
563 1901 724 1941 Athenis
753 1900 899 1950 scribit,
930 1900 984 1941 ibi
1013 1901 1163 1955 deperit
1192 1908 1230 1941 et
1259 1901 1367 1941 illum
1399 1909 1438 1942 et
1466 1903 1582 1952 locos,
1613 1904 1653 1944 in
1675 1903 1763 1956 qui-

258 1969 331 2010 bus
351 1970 415 2009 ille
436 1976 621 2010 versatur.
639 1992 693 1998 —-
715 1970 848 2010 Potius
865 1983 1019 2010 versum
1045 1970 1122 2010 137
1144 1970 1298 2011 obstare
1314 1971 1426 2011 nobis
1447 1972 1594 2025 putarit
1608 1973 1764 2025 aliquis:

476 2038 526 2078 Ut
556 2038 682 2078 tenuit
711 2038 851 2078 domus
882 2051 956 2078 una
985 2038 1095 2087 duos,
1126 2039 1266 2079 domus
1297 2052 1373 2079 una
1404 2040 1568 2089 tenebit3

474 2112 514 2146 at
542 2107 687 2146 sufficit
715 2106 890 2159 proxima
919 2107 1064 2159 legere:

476 2174 615 2214 Oscula
646 2181 775 2227 aperta
807 2175 935 2223 dabas,
966 2176 1096 2215 oscula
1126 2182 1256 2227 aperta
1287 2176 1406 2223 dabis,

257 2248 300 2281 ut
329 2242 422 2282 haec
452 2255 530 2282 non
560 2242 607 2283 ad
629 2243 797 2283 fabulam
825 2243 950 2296 ipsam
981 2243 1049 2283 sed
1079 2243 1126 2283 ad
1156 2243 1410 2283 elocutionem
1432 2251 1567 2298 poetae
1585 2247 1764 2287 amatorii

254 2310 446 2361 pertinere
476 2318 667 2364 appareat,
698 2324 864 2363 quorum
894 2312 1033 2352 similia
1063 2320 1274 2352 occurrunt
1304 2315 1343 2353 in
1371 2313 1540 2366 Byblidis
1570 2315 1677 2367 (Met.
1698 2316 1761 2364 IX,

255 2379 336 2418 559
357 2379 461 2431 sqq.)
482 2386 520 2419 et
540 2379 705 2420 Helenae
726 2381 897 2432 (Heroid.
920 2381 1020 2421 XVII
1039 2381 1135 2432 [XVI
1150 2381 1277 2432 Riese]
1296 2382 1391 2433 182)
1413 2383 1606 2435 epistulis3
1627 2397 1761 2425 versus

252 2445 326 2498 ipsi
362 2447 429 2498 qui
467 2448 703 2499 praecedunt
746 2448 825 2488 139
856 2462 952 2501 sqq.,
990 2450 1150 2490 omnino
1186 2463 1232 2489 ex
1267 2451 1454 2490 amatorio
1491 2451 1593 2492 illius
1626 2454 1760 2494 aetatis

253 2525 390 2564 genere
430 2514 522 2562 nati,
562 2517 642 2555 fere
680 2516 781 2556 ultro
819 2529 950 2557 secum
982 2518 1185 2558 trahebant
1214 2518 1361 2558 similes
1391 2520 1505 2559 hasce
1535 2521 1759 2561 sententias.

363 2582 411 2623 Et
432 2583 498 2622 ubi
518 2583 638 2623 semel
657 2590 900 2636 perspectum
923 2591 993 2634 est,
1015 2586 1183 2638 priorem
1201 2587 1435 2639 tragoediam
1452 2588 1613 2628 Athenis
1629 2589 1758 2630 locum

251 2648 444 2699 habuisse,
465 2651 643 2703 plurimis
664 2659 890 2692 retractatae
910 2653 1004 2693 locis
1025 2654 1090 2694 ubi
1110 2655 1162 2694 ita
1182 2656 1319 2707 agitur,
1341 2657 1449 2707 quasi
1466 2669 1578 2696 scena
1594 2658 1757 2698 Athenis

363 2753 403 2793 ¹⁹)
427 2752 479 2786 Ne
503 2754 688 2787 emendatio
713 2755 853 2798 quidem,
876 2768 970 2799 quam
987 2758 1133 2791 tentavit
1149 2770 1181 2792 v.
1202 2759 1319 2792 Arnim
1336 2759 1398 2801 (ne
1415 2760 1587 2803 prologor.
1603 2761 1755 2806 Euripid.

248 2813 323 2841 arte
348 2815 381 2842 et
405 2810 679 2854 interpolatione,
705 2811 829 2856 Gryph.
852 2813 947 2847 1882.
974 2826 1004 2858 p.
1022 2815 1042 2847 9
1060 2816 1120 2857 sq.)
1145 2821 1203 2849 ant
1226 2816 1415 2859 legentibus
1439 2823 1509 2858 aut,
1533 2819 1661 2862 opinor,
1689 2820 1756 2864 ipsi

248 2867 379 2899 auctori
404 2868 502 2900 valde
526 2868 711 2911 probabilis
737 2870 810 2903 visa
835 2871 892 2904 sit.
