1937 3315
828 140 1121 179 -4—

198 254 377 305 expedire
413 267 453 293 se
485 261 663 305 possunt.
723 254 856 306 Neque
897 261 1025 294 tamen
1063 256 1101 294 in
1139 255 1209 294 hac
1250 254 1362 294 turba
1392 253 1712 305 acquiescendum

198 335 294 369 esse,
326 322 392 361 sed
425 322 546 373 magis
584 321 782 374 magisque
814 323 1092 375 disponendam
1124 336 1208 363 esse
1240 323 1441 363 molestam
1476 321 1580 361 illam
1612 322 1714 362 indi-

197 395 422 441 gestamque
453 390 674 441 congeriem
706 402 821 430 nemo
852 404 932 431 non
957 392 1073 432 videt.
1119 392 1243 430 Immo
1273 403 1361 430 cum
1393 389 1504 429 initio
1534 389 1713 429 homines

196 464 395 509 tamquam
443 459 532 498 laeti
570 458 735 498 viatores
772 459 866 499 satis
908 460 1114 507 haberent,
1161 470 1410 498 communem
1452 456 1713 508 obtritamque

197 524 296 564 viam
329 525 567 577 permigrare
589 525 768 566 oblectati
790 526 991 578 regionum
1015 527 1245 566 amoenitate
1275 525 1551 577 necopinantes
1573 525 1618 563 de
1650 536 1712 564 re-

196 593 430 632 motioribus
461 606 532 632 nec
563 593 694 632 minus
725 594 906 634 iucundis
936 594 1043 642 locis,
1075 594 1210 634 deinde
1242 593 1281 632 in
1312 593 1445 632 altiora
1486 592 1585 631 enisi
1624 598 1710 632 stu-

194 660 361 714 pendam
407 660 510 700 illam
561 660 805 711 singulorum
855 662 1040 703 verticum
1089 660 1375 702 multitudinem
1427 658 1709 713 conspicerent,

191 731 267 768 iam
300 742 361 767 res
391 730 430 767 in
461 742 505 767 eo
537 735 607 775 est,
641 735 684 768 ut
715 731 932 769 fabularum
964 743 1103 781 genera
1133 730 1319 781 quaedam
1351 728 1445 767 scite
1477 728 1709 778 dignoscan-

193 803 255 836 tur
282 803 320 836 et
344 796 589 837 lineamentis
611 797 727 837 certis
755 798 1037 838 describantur.
1084 798 1203 839 Cuius
1225 796 1446 849 disciplinae
1467 795 1542 835 iam
1566 795 1709 835 funda-

191 870 322 903 menta
367 866 555 916 quaedam
596 865 692 904 iacta
739 872 831 904 sunt
875 866 913 904 in
958 865 1117 916 diesque
1161 870 1397 904 accrescunt.
1466 863 1508 902 Id
1552 875 1705 913 quoque

192 938 362 980 constat,
403 932 448 972 ad
482 933 554 972 hoc
585 946 682 985 opus
714 933 992 985 perficiendum
1030 945 1155 985 neque
1186 932 1231 972 Ο.
1256 930 1402 971 Miilleri
1433 929 1707 970 divinationem

192 1002 368 1040 sufficere
400 1013 539 1052 neque,
568 1002 672 1052 quod
703 1002 750 1040 ad
781 1003 872 1041 deos
903 1002 1082 1053 pertinet,
1114 1000 1378 1040 felicissimum
1402 998 1590 1038 Welckeri
1617 1011 1709 1038 sen-

192 1082 292 1116 sum,
326 1070 392 1108 sed
414 1076 503 1109 ante
526 1069 656 1108 omnia
685 1069 722 1108 id
753 1069 944 1121 agendum
976 1082 1072 1115 esse,
1106 1067 1436 1120 utperquirantur
1466 1066 1707 1118 singulorum

190 1143 228 1175 et
258 1143 460 1187 poetarum
495 1137 808 1188 scriptorumque
846 1143 885 1176 et
919 1137 1111 1176 artificum
1150 1136 1188 1174 in
1226 1135 1365 1174 fabulis
1404 1134 1629 1174 enarrandis
1670 1141 1708 1173 et

188 1203 427 1244 illustrandis
458 1206 584 1243 fontes
614 1209 653 1243 et
684 1203 967 1243 vicissitudines
1003 1209 1118 1255 atque
1157 1203 1385 1242 restituatur
1415 1202 1509 1242 ordo
1539 1215 1616 1254 quo
1652 1201 1706 1241 illi

187 1286 271 1311 sese
302 1273 504 1324 excipiant.
559 1272 686 1319 Quare
717 1278 907 1323 quantum
938 1272 985 1311 ad
1017 1271 1226 1323 scriptores
1257 1270 1427 1322 pertinet
1456 1271 1552 1310 nulli
1581 1271 1704 1321 magis

187 1339 314 1379 meriti
345 1346 449 1388 sunt,
481 1353 598 1391 quam
620 1340 687 1391 qui
718 1352 877 1391 magnas
907 1339 990 1379 illas
1021 1345 1059 1378 et
1088 1351 1317 1378 communes
1348 1338 1427 1377 vias
1452 1338 1704 1390 compendio-

185 1420 290 1454 rum,
339 1408 709 1460 mythographorum
756 1420 920 1459 purgare
959 1413 996 1446 et
1036 1406 1199 1457 levigare
1245 1412 1467 1458 coeperunt.
1533 1405 1620 1453 Quo
1663 1406 1702 1444 in

184 1488 336 1526 genere,
369 1482 412 1515 ut
441 1476 617 1528 proxima
639 1477 808 1523 afferam,
840 1475 945 1515 hisce
967 1474 1079 1514 annis
1110 1474 1207 1513 bene
1237 1473 1314 1525 egit
1341 1473 1382 1512 E.
1397 1473 1655 1514 Schwartzius
1671 1473 1702 1525 ¹)

185 1556 273 1582 cum
307 1549 542 1584 monstraret
572 1556 643 1583 nec
673 1543 765 1583 satis
788 1543 911 1596 premi
941 1555 1055 1595 posse
1086 1548 1251 1594 putaret,
1283 1554 1398 1594 quam
1420 1541 1572 1593 cognati
1602 1541 1704 1582 inter

185 1623 225 1649 se
247 1623 290 1649 ac
311 1611 391 1649 fere
412 1611 528 1650 iidem
551 1617 682 1650 essent
701 1611 919 1649 libellorum
939 1610 1288 1662 mythologicorum
1312 1610 1425 1650 multi
1445 1610 1512 1661 qui
1533 1610 1702 1662 impera-

185 1684 313 1717 torum
353 1678 486 1718 saeclis
523 1678 908 1717 circumferebantur.
969 1678 1042 1717 Sed
1073 1690 1150 1717 non
1182 1678 1297 1717 modo
1329 1677 1700 1729 mythographorum

183 1746 313 1796 copiae
344 1746 383 1784 in
416 1746 690 1797 simpliciorem
713 1752 751 1784 et
773 1746 893 1796 magis
913 1745 1137 1784 adstrictam
1159 1747 1323 1784 formam
1345 1745 1574 1796 redigendae
1596 1751 1700 1791 sunt,

184 1814 248 1852 sed
281 1814 327 1852 ad
359 1813 464 1865 ipsos
496 1816 622 1853 fontes
652 1814 964 1861 ascendendum,
1004 1818 1136 1865 poetas
1175 1812 1260 1853 dico
1299 1825 1388 1853 cum
1420 1812 1585 1864 tragicos
1617 1819 1699 1852 tum

182 1882 324 1933 quibus
356 1882 409 1920 illi
442 1881 499 1920 usi
532 1888 624 1921 sunt
654 1881 882 1928 veteriores,
914 1894 992 1933 quo
1024 1880 1185 1920 traditae
1217 1880 1347 1932 copiae
1378 1880 1632 1932 simpliciores
1663 1887 1701 1921 et

182 1949 428 1989 dilucidiores
460 1950 564 1989 fiant.
609 1950 664 1989 Ac
694 1963 742 1989 ne
764 1949 857 2001 quid
888 1949 1076 1989 obtritum
1110 1961 1171 1988 me
1202 1948 1344 1988 dixisse
1375 1949 1521 1997 credas,
1553 1962 1632 1989 non
1654 1949 1699 1989 de

181 2018 350 2057 Homero
382 2031 506 2069 neque
538 2019 584 2057 de
615 2018 725 2070 epico
746 2031 861 2069 quem
885 2024 1024 2058 vocant
1053 2017 1158 2069 cyclo
1189 2017 1337 2068 loquor,
1368 2018 1414 2057 ad
1442 2030 1558 2069 quem
1579 2031 1695 2069 quam

179 2093 356 2125 accurate
379 2098 420 2124 se
441 2085 670 2137 applicuerit
692 2085 903 2136 Sophocles
934 2085 1015 2136 ipse
1036 2087 1239 2124 confessus
1260 2090 1330 2124 est.
1376 2085 1501 2125 Immo
1523 2086 1698 2138 Aeschyli

178 2154 380 2192 considera
412 2153 559 2204 poesin.
611 2153 854 2199 Quantulum
885 2152 1120 2204 relinquitur
1149 2152 1195 2191 de
1228 2152 1401 2192 Orestiae
1432 2153 1695 2193 nobilissimae

180 2221 352 2272 trilogiae
383 2227 614 2272 argumento
646 2221 803 2272 dempto
834 2220 1010 2272 exemplo
1044 2217 1318 2259 Stesichoreo‘?

291 2288 452 2340 Agimus
481 2289 554 2328 hoc
584 2288 708 2340 capite
739 2288 785 2327 de
807 2287 1002 2339 Euripide,
1036 2300 1113 2339 quo
1143 2287 1341 2327 neminem
1373 2293 1574 2340 poetarum
1606 2288 1693 2341 plus

177 2370 337 2396 novasse
369 2363 585 2407 novataque
616 2355 782 2407 posteris
813 2355 998 2406 probasse
1028 2361 1192 2395 constat.
1237 2355 1280 2394 In
1312 2368 1356 2394 eo
1388 2355 1471 2408 ipso
1502 2356 1692 2408 intellige-

176 2438 263 2464 mus
294 2437 410 2476 quam
445 2424 567 2463 multa
607 2436 703 2475 quae
734 2424 835 2475 apud
867 2436 956 2463 eum
989 2424 1160 2476 primum
1200 2424 1431 2464 exhibentur
1467 2436 1546 2463 non
1578 2423 1693 2463 modo

173 2502 251 2530 non
273 2489 465 2529 invenerit
488 2489 545 2528 vel
576 2488 726 2541 primus
748 2488 889 2528 litteris
912 2488 1161 2537 mandaverit,
1193 2489 1260 2529 sed
1281 2501 1327 2529 ex
1349 2494 1453 2529 certo
1474 2488 1690 2529 litterarum

173 2561 278 2598 tonte
310 2558 494 2597 hauserit.
546 2558 599 2596 Ac
629 2570 678 2596 ne
710 2557 783 2596 hoc
813 2556 969 2608 quidem
1000 2557 1083 2597 loco
1114 2558 1160 2597 de
1190 2557 1307 2610 epicis
1327 2557 1565 2597 carminibus
1594 2557 1692 2604 dico,

174 2626 296 2666 cuivis
318 2627 463 2667 Graeco
495 2625 631 2673 obviis,
663 2637 760 2677 quae
792 2624 824 2664 si
854 2624 894 2664 in
917 2624 1099 2677 Euripide
1130 2626 1268 2666 alicubi
1289 2638 1468 2680 expressa
1499 2625 1689 2674 videntur,

260 2786 285 2826 ¹)
314 2786 359 2819 De
391 2786 531 2818 scholiis
563 2784 751 2817 Homericis
783 2784 823 2816 ad
857 2785 1032 2818 historiam
1066 2783 1205 2818 fabular.
1235 2787 1413 2829 pertinent.
1464 2784 1554 2828 Lips.
1589 2784 1689 2819 1881.

169 2855 198 2887 p.
216 2844 292 2876 447.
319 2844 396 2875 449.
