1937 3315
864 169 915 175 -
981 145 1034 187 73
1102 170 1148 175 -.-

256 267 384 318 logum
417 264 449 304 si
479 263 658 304 audimus
691 262 859 310 Veneris,
897 262 1067 303 Phaedra
1098 264 1177 302 sere
1207 262 1301 303 nihil
1332 262 1435 302 aliud
1465 262 1617 304 videtur
1646 275 1761 316 quam

256 334 575 379 instrumentum,
607 344 680 383 qua
712 331 836 371 utitur
865 331 933 371 dea
964 332 1008 371 ad
1031 330 1227 383 Hippolyti
1257 331 1430 370 animum
1463 331 1763 383 infringendum.

256 402 326 442 Cui
356 401 515 441 consilio
545 413 633 440 cum
665 402 839 453 opposita
870 406 973 440 esset
992 400 1121 446 Diana,
1155 404 1279 439 totum
1310 399 1462 439 fabulae
1490 406 1762 451 argumentum

256 484 299 510 ex
337 470 505 509 humana
545 468 699 520 regione
736 469 930 509 sublatum
969 468 1008 507 in
1046 473 1241 507 certamen
1279 468 1565 519 quodammodo
1603 469 1761 508 deorum

257 538 489 577 vertebatur.
540 538 625 584 Quo
653 536 815 577 artificio
836 543 949 589 poeta
970 536 1149 576 similiter
1169 536 1507 588 reprehensionem
1530 536 1628 588 sugit
1647 549 1762 588 quam

255 607 339 653 illo,
380 617 470 645 cum
509 618 554 644 ex
590 605 827 645 Athenarum
870 605 993 646 muris
1032 610 1176 645 tantam
1217 603 1428 656 nequitiam
1469 611 1686 645 removeret
1725 606 1763 645 in

256 675 579 727 Peloponnesum.

369 809 406 849 2.
453 809 587 850 Obiter
624 809 733 861 attigi
773 822 887 862 supra
927 810 980 862 (p.
1017 808 1087 861 53)
1125 809 1431 861 Antigonam,
1473 809 1519 849 de
1556 822 1630 861 qua
1661 822 1767 850 nunc

258 879 474 920 accuratius
512 878 733 918 videndum.
793 878 959 918 Prorsus
995 878 1034 917 in
1066 868 1231 917 obscuro
1269 884 1383 924 esset,
1417 884 1547 918 utrum
1580 879 1765 919 dramatis

256 952 526 1001 argumentum
567 947 703 995 fuerit,
741 946 886 987 illudne
922 945 1024 999 quod
1055 945 1195 999 Hygini
1230 946 1356 986 fabula
1388 945 1440 985 72
1471 952 1509 986 et
1540 945 1637 986 vasis
1667 946 1766 987 duo-

255 1017 390 1067 bus²¹)
420 1016 653 1061 continetur,
685 1028 731 1053 an
763 1016 878 1061 aliud,
911 1015 1115 1066 Sophoclei
1146 1015 1270 1053 simile
1300 1028 1377 1065 quo
1409 1015 1626 1066 (Hartungo
1656 1016 1767 1067 plau-

254 1084 386 1138 dente)
407 1083 683 1137 Aristophanes
705 1082 909 1137 Byzantius
940 1082 1184 1136 paucissimis
1216 1081 1343 1123 verbis
1365 1088 1583 1124 monstrare
1603 1082 1765 1133 videtur,

254 1154 328 1193 nisi
358 1154 490 1192 lumen
521 1152 576 1190 rei
606 1152 743 1190 dubiae
773 1152 981 1190 inferretur
1010 1155 1227 1202 fragmento
1260 1151 1359 1190 168:

443 1216 624 1273 ὀνόματι
656 1217 854 1272 μεμπτὸν
883 1218 930 1260 τὸ
959 1218 1099 1260 νόθον
1128 1216 1152 1273 ἦ
1185 1216 1317 1273 φύσις
1348 1216 1397 1259 δ’
1428 1219 1518 1273 ἴση,

257 1285 370 1325 unico
400 1286 501 1338 quod
534 1287 697 1326 habetur
727 1286 888 1326 certiore
918 1292 1159 1338 argumento.
1216 1288 1301 1334 Quo
1322 1287 1518 1326 Maeonem
1550 1287 1625 1326 iarn
1657 1286 1767 1326 adul-

256 1362 338 1395 tum
371 1360 485 1407 atque
515 1355 554 1395 in
586 1369 698 1395 scena
728 1355 846 1395 fuisse
876 1354 1079 1395 evincitur.
1129 1355 1281 1396 Etenim
1304 1355 1406 1408 quod
1429 1354 1638 1407 quaesierit
1657 1355 1765 1407 quis-

254 1424 369 1477 piam,
400 1423 587 1476 Antigona
609 1424 687 1477 ipsa
709 1435 803 1464 num
826 1425 925 1463 forte
946 1423 1075 1476 spuria
1097 1423 1170 1463 dici
1191 1424 1361 1477 potuerit
1380 1437 1401 1463 a
1423 1431 1587 1477 tyranno
1608 1430 1767 1477 propter

255 1505 479 1544 perversum
522 1493 657 1544 Oedipi
702 1492 1020 1539 matrimonium,
1064 1492 1100 1531 id
1147 1493 1306 1532 omnino
1351 1493 1556 1532 reiciamus
1602 1499 1765 1545 oportet.

260 1559 393 1611 Maeon
415 1566 542 1600 autem
566 1560 787 1600 adolescens
810 1566 853 1600 ut
873 1560 1106 1600 contumelia
1127 1560 1212 1608 ista,
1234 1561 1281 1600 ad
1302 1572 1400 1613 quae
1420 1572 1526 1600 nunc
1546 1561 1765 1613 respondet,

257 1629 475 1668 afficeretur
511 1642 531 1668 a
570 1629 752 1676 Creonte,
797 1629 993 1680 quomodo
1033 1629 1221 1676 evenerit,
1266 1629 1375 1669 facile
1410 1628 1654 1681 perspicitur.
1721 1629 1768 1670 Et

256 1696 481 1736 Welckcrus
522 1697 678 1749 quidem
719 1697 920 1736 deficiente
957 1697 1115 1738 meliore
1153 1697 1405 1750 explicatione
1435 1709 1564 1749 regem
1595 1697 1641 1736 ad
1672 1710 1767 1737 con—

255 1765 444 1805 dicionem
475 1765 687 1817 Antigonae
719 1772 812 1805 tunc
840 1766 1060 1806 inferiorem
1092 1773 1131 1806 et
1160 1766 1451 1806 matrimonium
1484 1766 1586 1806 haud
1607 1778 1767 1806 conces-

256 1847 342 1874 sum
374 1834 638 1885 legitimumve
669 1833 944 1886 despicientem
976 1834 1150 1874 conicere
1173 1834 1212 1873 in
1233 1833 1457 1886 progeniem
1481 1833 1584 1873 illius
1605 1834 1766 1874 verbum

252 1903 357 1942 istud
394 1902 611 1942 inuriosum
651 1902 929 1954 suspicabatur.
999 1904 1047 1941 At
1083 1915 1127 1941 eo
1165 1915 1285 1953 usque
1323 1902 1530 1953 procedere
1560 1916 1658 1955 opus
1688 1916 1766 1943 non

253 1977 323 2009 est.
372 1970 547 2009 Primum
580 1970 756 2009 iuvenem
781 1969 969 2010 Creonteo
1000 1971 1185 2021 sanguine
1216 1976 1346 2009 ortum
1377 1982 1462 2009 esse
1493 1971 1640 2012 scilicet
1659 1979 1768 2024 patre

254 2038 452 2077 Haemone
490 2041 594 2086 (cum
626 2037 853 2077 Menoeceus
889 2050 988 2090 puer
1026 2038 1174 2077 dudum
1205 2044 1309 2077 esset
1338 2037 1580 2090 immolatus)
1611 2040 1766 2091 signum

253 2106 293 2145 in
323 2107 487 2146 humero
518 2107 653 2146 dextro
684 2106 767 2157 (qui
796 2106 836 2145 in
867 2113 1033 2158 utroque
1054 2106 1206 2146 vasculo
1228 2106 1395 2145 nudatus
1417 2106 1492 2157 est)
1514 2114 1765 2160 conspectum

254 2174 567 2222 demonstrabat3
598 2174 635 2213 id
666 2186 711 2213 ex
744 2173 893 2226 Hygino
922 2180 1084 2222 constat,
1116 2179 1230 2226 atque
1261 2174 1337 2213 huc
1367 2174 1528 2214 forsitan
1559 2177 1605 2215 fr.
1636 2176 1765 2230 adesp.

254 2243 307 2283 59
343 2244 600 2283 revocandum
641 2242 701 2282 sit.
761 2242 906 2282 Deinde
937 2255 1026 2283 cum
1057 2242 1231 2283 Haemon
1262 2242 1337 2282 iam
1369 2242 1530 2294 prolem,
1562 2245 1767 2298 praecipue

253 2311 409 2352 victoria
441 2318 636 2360 ornatam,
667 2323 744 2351 non
776 2323 982 2363 agnoscere
1012 2323 1090 2351 non
1121 2318 1264 2363 posset,
1295 2323 1379 2351 eam
1413 2318 1540 2351 tamen
1571 2325 1669 2364 quae
1698 2326 1768 2366 pe-

254 2380 441 2432 perisset,
473 2387 515 2419 ut
545 2387 634 2432 pote
666 2386 858 2419 mortuam
890 2379 1070 2432 opinione
1102 2381 1318 2426 hominum,
1349 2380 1512 2432 prodere
1543 2382 1674 2429 nollet,
1705 2383 1767 2422 iu-

253 2448 362 2488 venis
403 2454 599 2501 tamquam
639 2453 762 2487 matre
802 2447 917 2487 dubia
953 2455 1165 2501 prognatus
1203 2448 1375 2488 convicia
1405 2448 1466 2487 illa
1498 2463 1518 2489 a
1548 2462 1636 2502 rege
1667 2449 1767 2495 tulit,

255 2517 346 2557 dum
378 2517 569 2569 Antigona
605 2518 687 2570 ipsa
718 2516 861 2557 adscita
892 2524 963 2565 est,
994 2519 1157 2557 fortasse
1188 2530 1308 2570 puero
1339 2518 1423 2570 ipso
1454 2516 1615 2570 periculi
1644 2516 1767 2556 inscio

255 2585 493 2626 domicilium
525 2585 740 2626 indicante:
778 2597 866 2625 nam
901 2592 943 2626 ut
974 2585 1053 2625 veri
1085 2585 1145 2626 sui
1176 2585 1418 2637 maternique
1440 2586 1591 2638 generis
1611 2584 1769 2637 ignarus

254 2655 497 2703 educaretur,
530 2662 568 2695 et
596 2654 720 2707 ipsius
751 2661 790 2694 et
819 2660 1024 2708 parentum
1056 2654 1242 2695 securitas
1272 2654 1511 2707 efflagitarat.
1572 2653 1625 2694 De
1654 2653 1769 2693 Anti-

367 2736 409 2771 Π)
435 2734 479 2777 Α)
504 2734 667 2768 Gerbard.
686 2734 783 2777 Apul.
803 2734 883 2767 Vas.
905 2734 954 2768 11.
997 2734 1100 2767 Arch.
1118 2733 1194 2775 Ztg.
1222 2734 1307 2767 1870
1332 2733 1369 2766 Τ.
1391 2735 1444 2767 40.
1493 2734 1529 2775 Β)
1554 2734 1767 2777 Heydemann

254 2790 293 2823 E.
326 2792 555 2834 nacheuripid.
581 2792 659 2824 Ant.
684 2790 765 2823 Tab.
789 2790 812 2823 l.
860 2790 969 2823 Couze
996 2791 1091 2824 Vorl.
1119 2791 1167 2823 Bt„
1186 2790 1237 2844 lll,
1255 2791 1286 2824 3.
1334 2791 1434 2823 Arch.
1458 2790 1533 2833 Ztg.
1560 2792 1583 2824 l.
1601 2802 1629 2823 c.
1678 2790 1767 2823 Mon.

255 2847 286 2880 d.
304 2848 333 2880 J.
352 2847 386 2880 X
409 2849 525 2887 (1876)
552 2849 605 2881 27.
