1937 3315
794 189 1085 229 ..21-

181 319 258 345 non
290 306 388 346 Ulixi
424 305 569 346 furenti
608 304 806 357 desumpti
844 311 948 347 sunt.
989 305 1100 345 cuius
1141 310 1264 346 toturn
1305 307 1385 346 fere
1422 300 1698 359 argumentum

180 374 311 427 paucis
341 374 425 415 istis
455 372 583 413 verbis
613 372 845 421 continetur,
886 373 952 413 sed
983 374 1191 415 Armorum
1233 373 1377 414 iudicio
1414 375 1473 415 vel
1503 375 1607 415 Accii
1639 376 1700 416 vel

179 442 347 490 Pacuvii,
383 452 552 493 quorum
590 440 809 493 exemplum
848 441 922 481 fuit
950 441 1174 495 Aeschylus.
1233 442 1282 482 Et
1320 441 1382 482 hic
1412 441 1444 482 si
1474 442 1536 483 illa
1566 442 1700 496 perhi-

180 511 330 550 buisset
365 509 459 561 quin
491 522 537 548 ex
569 508 790 548 Stesichoro
820 509 1025 556 hausisset,
1056 523 1134 550 non
1165 510 1421 551 dubitandum
1453 517 1521 550 est.
1580 512 1629 552 At
1657 513 1698 551 in

178 578 327 619 lubrico
355 577 436 617 solo
458 575 732 626 consistimus;
753 589 843 617 nam
864 576 989 617 Aiacis
1020 577 1155 626 oratio,
1178 579 1280 619 unde
1303 591 1438 620 versus
1460 578 1571 631 petiti
1592 586 1697 627 sunt,

178 652 415 697 quantopere
460 645 661 684 rhetorum
705 645 909 685 sententiis
950 645 1079 684 ornari
1120 646 1281 686 soluerit
1318 654 1482 688 constat.
1557 647 1698 687 Contra

177 712 371 765 Euripidis
402 711 571 751 narratio
600 724 621 751 e
651 725 726 764 qua
757 713 866 753 deest
885 712 1027 761 Ulixes,
1059 714 1139 753 fere
1171 714 1384 755 testimonii
1414 715 1538 756 instar
1569 721 1630 756 est
1651 715 1698 755 de

182 781 418 820 Stesichoro.
451 803 502 806 —

291 847 372 887 Hoc
399 849 506 887 fonte
536 847 657 886 semel
677 847 827 888 detecto
848 847 1005 899 quaevis
1035 860 1056 888 a
1078 847 1221 899 tragico
1243 848 1437 889 habentur
1459 850 1505 889 de
1529 850 1698 891 Helenae

177 915 337 966 nuptiis,
369 914 416 953 ab
437 914 501 953 illo
523 926 756 966 magnopere
778 915 994 963 illustratis,
1016 915 1389 954 animadversionem
1412 916 1584 967 exigunt,
1605 917 1696 957 licet

177 995 246 1036 per
276 995 316 1022 se
343 981 395 1022 ita
416 988 635 1034 comparata
658 982 747 1030 sint,
782 988 824 1022 ut
844 982 959 1023 etiam
981 982 1064 1023 sine
1085 987 1191 1023 certo
1211 989 1367 1024 auctore
1389 983 1462 1024 dici
1484 985 1695 1037 potuerint.

181 1050 409 1091 Cuiusmodi
439 1056 532 1089 sunt
561 1051 600 1089 in
632 1050 775 1090 Helena
806 1050 904 1089 722:

363 1116 440 1160 νῦν
469 1114 735 1173 ἀνανεοῦμαι
765 1121 841 1160 τὸν
871 1116 950 1161 σὸν
977 1115 1186 1173 ὑμέναιον
1215 1114 1353 1161 πάλιν

367 1186 440 1226 καὶ
470 1184 715 1238 λαμπάδων
743 1186 992 1241 μεμνήμεθ’
1022 1185 1073 1234 ἃς
1101 1186 1351 1240 τετραόροις

368 1256 529 1300 ἵπποις
558 1251 777 1307 τροχάζων
806 1256 1082 1309 παρέφερον·
1100 1253 1155 1296 σύ
1185 1253 1223 1296 δ’
1253 1254 1301 1296 ἐν
1331 1253 1509 1308 δίφροις

364 1320 443 1361 σὺν
473 1320 583 1375 τῷδε
612 1321 758 1376 νύμφη
789 1321 895 1375 δῶμ’
926 1321 1097 1370 ἔλειπες
1127 1321 1291 1374 ὄλβιον.

179 1395 220 1428 et
251 1388 332 1428 638
364 1388 448 1438 (ubi
478 1388 673 1428 Menelaus
703 1389 910 1441 loquitur):

362 1453 416 1497 ἂν
446 1452 533 1497 ὑπὸ
565 1455 813 1510 λαμπάδων
843 1455 968 1511 κόροι
999 1455 1238 1499 λεύκιπποι

363 1523 616 1577 ξυναίμονες
646 1523 840 1577 ὤλβισαν
871 1522 1067 1578 ὤλβισαν

362 1591 410 1632 τὸ
441 1588 658 1641 πρόσθεν,
691 1586 756 1646 (ἐκ
786 1591 936 1646 δόμων
965 1590 1250 1647 δ’ἒνόσφισαν
1280 1594 1383 1632 θεοί
1414 1592 1451 1631 σ’
1483 1591 1620 1645 ἐμοῦ).

175 1662 219 1701 In
249 1661 392 1713 quibus
422 1659 496 1699 etsi
525 1658 600 1698 albi
629 1660 720 1711 equi
748 1660 950 1701 Castorum
983 1661 1138 1713 vulgare
1168 1660 1398 1701 attributum
1432 1665 1535 1708 sunt,
1567 1665 1697 1699 tamen

177 1735 265 1768 ante
294 1728 518 1780 Euripidem
557 1728 612 1774 (et
647 1728 897 1768 novissimam
936 1729 1091 1780 quidem
1129 1734 1294 1768 aetatem
1326 1730 1374 1767 cf.
1402 1728 1485 1779 Iph.
1513 1727 1557 1766 Α.
1588 1728 1695 1766 1154

178 1799 363 1836 ἵπποισι
374 1795 687 1849 μαρμαίροντε)
698 1795 919 1837 testimonia
928 1809 1006 1837 non
1019 1796 1141 1837 habeo
1153 1801 1305 1850 praeter
1315 1795 1528 1835 Pindarum
1541 1794 1584 1834 P.
1597 1795 1632 1841 1,
1641 1794 1695 1835 66

177 1861 506 1914 (λευκόπωλοι);
537 1875 803 1903 commemoro
828 1869 971 1911 autem,
1003 1865 1106 1916 quod
1126 1863 1369 1916 grammatici
1390 1868 1539 1902 veteres
1570 1862 1693 1902 adno-

176 1938 303 1971 tavere
329 1931 456 1983 (Eust.
489 1944 526 1984 p.
550 1931 645 1978 524,
669 1931 767 1980 28.)‚
800 1931 1066 1971 Stesichorum
1088 1930 1334 1978 λεύκιππος
1364 1930 1550 1970 adiective
1579 1942 1696 1970 usur-

177 2012 287 2051 passe
311 1999 523 2047 (adnotatio
544 2000 710 2038 absurda
732 1999 809 2038 nisi
829 1999 893 2038 ille
913 1999 1064 2050 primus
1086 1999 1124 2038 id
1145 1998 1282 2038 fecisse
1304 1998 1527 2048 diceretur).
1582 1998 1695 2038 Dios-

175 2079 289 2106 curos
309 2066 374 2106 ille
396 2065 631 2118 significasse
653 2066 817 2105 videtur.
859 2065 1143 2114 λευκίππους,
1171 2078 1248 2118 quo
1269 2065 1499 2118 cognomine
1521 2065 1697 2105 Thebani

174 2147 329 2186 quoque
349 2133 526 2173 Dioscuri
546 2134 745 2181 excellent,
767 2134 906 2186 Ibycus
926 2133 1153 2173 Molionides
1175 2132 1272 2172 dixit
1287 2133 1353 2184 (fr.
1374 2133 1424 2172 16
1445 2133 1572 2184 ng.)‚
1595 2146 1695 2184 quos

175 2207 219 2241 ut
248 2202 425 2242 Castores
465 2213 511 2240 ex
548 2214 619 2240 ovo
656 2206 768 2241 natos
807 2213 893 2241 esse
931 2206 1083 2241 constat
1119 2201 1172 2240 ita
1207 2212 1297 2240 cum
1327 2199 1482 2240 illorum
1515 2200 1694 2252 personis

178 2267 372 2308 artissime
403 2268 608 2308 cohaerere
638 2269 873 2320 mythologia
903 2269 1027 2309 docet.

288 2404 325 2442 3.
373 2404 618 2442 Praecedunt
656 2404 697 2442 in
734 2404 931 2455 Iphigenia
966 2404 1166 2443 Aulidensi
1204 2404 1372 2443 fabulam
1416 2403 1462 2441 de
1492 2403 1694 2454 Tyndareo

174 2470 378 2521 procisque
408 2471 568 2509 relatam
600 2471 677 2509 duo
709 2482 857 2517 versus,
888 2469 1043 2509 initium
1074 2470 1245 2522 prologi:

404 2547 627 2599 Ἐγένοντο
661 2547 795 2603 Λήδᾳ
827 2546 1042 2590 Θεστιάδι
1072 2554 1188 2602 τρεῖς
1217 2550 1440 2602 παρθένοι

422 2617 565 2671 Φοίβη
604 2614 967 2671 Κλυταιμνήστρα
995 2615 1038 2656 τ’
1068 2614 1150 2671 ἐμὴ
1182 2615 1390 2670 ξυνάορος

415 2682 560 2739 Ἑλένη
593 2700 649 2725 τε.

176 2783 347 2819 Meziriac.
372 2788 413 2819 ad
437 2787 536 2820 Ovid.
561 2788 633 2821 her.
659 2787 671 2820 1
690 2799 718 2830 p.
738 2787 800 2829 283
829 2796 961 2820 sensum
990 2785 1140 2819 indicare
1168 2790 1326 2829 poterant
1349 2785 1483 2818 Libanii
1508 2784 1611 2817 verba
1635 2784 1694 2817 ad-

176 2841 303 2873 modum
328 2843 490 2876 similiter
514 2843 735 2876 conformata:
776 2845 836 2876 καὶ
864 2841 935 2886 γὰρ
963 2841 1035 2876 τῶν
1064 2840 1154 2887 ὑπὲρ
1182 2841 1243 2884 τῆς
1275 2840 1418 2883 “Ελένης
1445 2838 1561 2886 ὅρκων
1591 2830 1694 2877 οὗτος

176 2896 292 2934 αἴτιος
317 2893 372 2939 ἦν.
