1937 3315
856 177 902 182 ,s
974 152 1028 193 72
1093 177 1145 183 „-

246 269 307 317 sit,
339 281 481 309 novum
514 270 646 310 lumen
679 268 835 309 accedit.
882 269 966 309 Non
1002 269 1036 309 id
1070 282 1228 322 urgueo‚
1251 270 1444 311 Theseum
1466 271 1658 310 Troezene
1680 284 1757 311 non

246 346 288 378 ut
324 339 474 377 exulem
515 338 582 378 sed
620 344 663 377 ut
699 349 827 389 regem
870 337 1031 385 versari,
1070 344 1197 378 tantae
1228 338 1332 378 enim
1364 341 1470 378 fuere
1501 339 1639 379 Thesei
1669 352 1758 379 cum

245 408 438 446 Troezene
469 405 794 453 necessitudines,
833 406 1114 458 spectatoribus
1144 406 1340 459 Euripidis
1377 408 1550 448 nondum
1591 407 1759 459 ignotae3

244 475 316 514 etsi
349 474 513 514 miretur
542 486 619 513 non
642 486 770 520 nemo,
802 486 871 512 cur
887 473 1066 514 Pittheus
1094 487 1222 523 senex,
1254 476 1366 515 cuius
1389 476 1535 516 mentio
1556 476 1599 515 tit
1620 475 1760 515 diserte

245 544 296 593 (V.
327 542 410 594 24),
453 542 559 581 nullo
591 542 702 581 oculo
733 542 1007 594 conspiciatur,
1039 556 1127 582 cum
1161 550 1289 583 tamen
1320 544 1428 583 facile
1459 544 1574 583 fuerit
1603 544 1759 595 fingere,

246 617 289 650 ut
319 610 359 649 in
388 609 547 650 Bacchis
579 610 624 649 de
647 609 790 649 Cadmo
821 617 860 650 et
880 610 1052 651 Pentheo
1084 612 1136 664 (v.
1160 611 1242 664 43),
1275 625 1404 652 senem
1437 612 1568 666 nepoti
1597 624 1759 665 regnum

247 679 464 725 tradidisse,
501 679 559 717 vel
590 678 623 718 si
653 678 690 717 id
722 691 799 717 non
833 680 1085 719 conveniebat
1114 680 1168 719 illi
1198 681 1348 733 piaculo
1380 681 1594 733 inquinato,
1626 682 1759 721 saltem

245 748 428 787 inducere
460 759 591 786 senem
614 746 821 785 Troezenis
841 759 991 799 regem;
1022 754 1061 787 at
1089 748 1124 787 id
1157 760 1234 787 non
1266 749 1382 788 situm
1414 756 1496 789 erat
1526 749 1566 788 in
1596 749 1760 801 primori

247 815 431 855 dramatis
455 815 629 855 consilio.
681 815 926 855 Haesitamus
960 822 1086 855 tamen
1118 816 1332 868 paullulum
1363 817 1554 869 legentes:
1587 823 1670 858 ποΐ
1689 817 1761 871 γῆς

246 882 411 924 ἄνακτα
442 883 564 937 ἰῆςδε
598 885 777 937 Θησέως
807 881 953 936 μολών
983 882 1068 923 κτλ.
1104 885 1229 933 1153,
1270 898 1367 937 quae
1405 886 1518 925 verba
1554 885 1682 925 nuntii
1717 899 1761 925 eo

247 954 368 1007 magis
406 968 425 995 e
457 954 583 1007 priore
614 952 808 1005 tragoedia
841 953 983 993 servari
1015 953 1211 1002 videntur,
1255 968 1332 1007 quo
1374 953 1537 995 similior
1575 961 1654 995 tota
1690 954 1761 994 ista

247 1023 418 1061 narratio
450 1023 496 1061 de
528 1021 723 1072 Hippolyti
755 1021 916 1059 interitu
947 1022 986 1059 in
1018 1023 1169 1060 duobus
1201 1021 1434 1060 editionibus
1464 1022 1539 1060 fuit
1571 1024 1634 1067 (cf.
1667 1022 1762 1060 Ovid

248 1091 338 1132 Met.
369 1090 436 1131 XV
468 1089 548 1131 508
571 1103 654 1142 sqq.
695 1095 734 1129 et
765 1088 877 1142 Hipp.
913 1088 1019 1130 1210
1041 1090 1218 1140 -1217).
1289 1090 1413 1138 Quam
1454 1096 1582 1131 autem
1620 1090 1761 1130 mirum

249 1168 319 1206 est,
361 1160 464 1210 quod
496 1159 668 1196 Theseus
700 1157 782 1208 ipse
813 1159 1014 1208 profugus,
1055 1159 1153 1205 exul,
1186 1158 1306 1197 filium
1340 1158 1435 1196 urbe
1466 1158 1620 1210 expellit
1649 1164 1763 1209 atque

247 1228 309 1266 ille
350 1240 506 1274 rursus,
548 1239 625 1278 quo
665 1238 726 1264 res
765 1224 876 1276 plane
916 1226 1169 1277 pervertitur,
1211 1226 1380 1266 Athenas
1410 1228 1543 1278 sugere
1574 1225 1762 1266 instituit!

249 1296 404 1342 Quanto
436 1294 557 1345 magis
588 1298 893 1332 consentaneum
926 1300 1019 1341 erat,
1052 1293 1084 1332 si
1106 1293 1347 1346 Hippolytus,
1375 1293 1609 1333 Troezenius
1636 1294 1762 1341 heros,

247 1362 409 1403 Athenis
440 1363 624 1414 expulsus
656 1375 701 1401 eo
733 1360 867 1408 tendit,
899 1375 976 1413 quo
1006 1362 1173 1414 pertinet
1201 1361 1285 1401 eius
1307 1375 1425 1410 mors,
1458 1364 1569 1409 fama,
1600 1362 1764 1402 immor-

251 1430 392 1471 talitas!
460 1430 537 1470 Nec
577 1442 655 1469 non
695 1441 827 1469 versus
869 1429 1088 1469 150—157
1127 1437 1165 1470 et
1206 1430 1425 1470 752---773
1465 1430 1517 1470 ita
1555 1429 1763 1483 comparati

250 1507 353 1547 sunt,
388 1507 429 1539 ut
458 1500 617 1551 vestigia
647 1499 786 1551 prioris
818 1501 964 1537 formae
986 1498 1172 1550 dispicere
1194 1499 1386 1550 quispiam
1409 1499 1481 1538 sibi
1502 1499 1687 1538 videatur.
1710 1521 1763 1526 —

364 1567 543 1607 Ceterum
574 1566 778 1619 Euripides
809 1565 959 1618 primus
989 1572 1060 1614 est,
1092 1578 1168 1618 quo
1199 1572 1354 1606 auctore
1374 1565 1493 1606 Diana
1514 1565 1764 1619 Hippolytum

252 1645 452 1676 mortuum
484 1635 708 1683 resuscitat,
739 1641 850 1673 antea
880 1635 915 1673 id
944 1635 1172 1674 beneficium
1203 1635 1276 1674 suit
1295 1635 1583 1687 Aesculapiiw).
1633 1634 1764 1685 Neque

249 1704 351 1744 enim
385 1703 593 1743 verisimile
614 1710 673 1742 est
695 1701 900 1750 Cinesiam‚
932 1715 1009 1754 quo
1030 1702 1188 1742 nomine
1210 1701 1348 1742 Dianae
1370 1702 1555 1742 auxilium
1579 1702 1720 1742 citatur
1744 1715 1763 1741 a

250 1773 478 1813 Philodemo
508 1785 545 1824 p.
570 1771 635 1819 52,
667 1771 705 1811 id
736 1777 824 1810 ante
855 1770 1076 1823 Euripidem
1110 1770 1308 1810 cecinisse.
1368 1771 1568 1823 indigebat
1598 1770 1765 1822 tragicus

250 1848 388 1881 novata
418 1840 491 1880 ista
523 1840 713 1888 versione,
747 1846 789 1879 ut
820 1838 992 1878 mollitiis
1025 1838 1279 1878 muliebribus
1310 1846 1524 1892 opponeret
1554 1840 1696 1879 durum
1728 1846 1766 1879 et

250 1910 398 1950 virilem
431 1909 581 1948 iuvenis
612 1909 786 1947 animum
819 1914 972 1960 praeter
1001 1907 1216 1946 litterarum
1248 1914 1362 1959 atque
1385 1908 1594 1960 sapientiae
1616 1907 1765 1947 divinae

251 1978 378 2017 studia
419 1977 577 2016 omuino
620 1976 814 2016 venationi
855 1975 984 2014 dediti.
1051 1975 1128 2014 Has
1165 1974 1306 2015 Dianae
1341 1982 1469 2028 partes
1506 1976 1582 2015 iam
1612 1976 1767 2015 Velatus

251 2045 481 2098 Hippolytus
519 2057 651 2084 secum
682 2044 846 2092 ferebat,
885 2044 994 2084 cuius
1025 2056 1144 2095 aequa
1176 2049 1312 2083 natura
1343 2043 1417 2083 fuit
1446 2050 1561 2096 atque
1592 2042 1764 2083 secundi.

250 2114 382 2153 Venus
412 2120 541 2153 autem
575 2126 669 2152 num
701 2112 776 2152 illic
806 2125 1012 2164 personam
1044 2112 1234 2158 habuerit,
1268 2112 1374 2151 valde
1395 2112 1541 2152 dubito.
1592 2112 1766 2152 Duorum

249 2182 352 2221 enim
392 2181 600 2221 numinum
633 2189 839 2234 apparatus
873 2187 949 2220 tam
981 2180 1159 2220 insolitus
1190 2186 1250 2220 est
1280 2180 1318 2219 in
1350 2186 1431 2220 arte
1462 2179 1686 2233 Euripidea,
1724 2186 1768 2220 ut

250 2263 449 2291 summum
483 2249 676 2289 Troadum
718 2248 955 2300 gravissimis
993 2248 1129 2295 rebus,
1172 2249 1236 2288 ubi
1275 2248 1448 2301 Europae
1485 2256 1524 2288 et
1559 2248 1670 2288 Asiae
1705 2260 1768 2287 res

248 2325 431 2371 aguntur,
465 2317 777 2358 conveniant²⁰”.
826 2316 895 2356 Hic
916 2329 1069 2368 quoque
1091 2315 1319 2356 insolentius
1341 2316 1484 2369 aliquid
1506 2316 1689 2357 accidisse
1710 2316 1767 2356 vi-

249 2389 376 2434 detur,
408 2400 486 2438 quo
521 2393 563 2425 ut
591 2386 778 2425 Venerem
811 2386 1023 2432 induceret,
1055 2384 1384 2424 commovebatur.
1444 2385 1496 2424 Ea
1520 2385 1595 2424 fuit
1614 2386 1768 2437 repulsa

246 2468 364 2508 quam
389 2455 477 2495 tulit
495 2454 651 2493 Velatus
683 2460 721 2493 et
753 2454 898 2492 offensa
929 2452 1069 2492 civium
1101 2452 1202 2492 haud
1232 2452 1379 2505 exigua.
1427 2452 1552 2493 Mores
1574 2452 1769 2494 Phaedrae

246 2525 399 2564 fortiter
439 2524 517 2562 illic
555 2530 593 2562 et
633 2522 829 2575 impudice
870 2522 1016 2573 agentis
1054 2535 1143 2561 cum
1175 2522 1343 2573 alioquin
1376 2523 1544 2562 correxit
1588 2529 1671 2562 tum
1703 2521 1768 2567 ita,

247 2600 290 2632 ut
328 2592 529 2645 superiore
568 2591 602 2631 vi
640 2602 724 2630 eam
766 2590 921 2630 ductam
959 2598 996 2630 et
1027 2590 1185 2631 invitam
1218 2597 1440 2644 peccantem
1472 2592 1633 2640 faceret3
1674 2603 1769 2644 pro-

359 2708 400 2748 ²⁴³)
427 2721 457 2741 v.
477 2709 571 2740 locos
598 2718 648 2750 ap.
677 2706 821 2739 Miinzel.
844 2707 1066 2749 Quaestiones
1084 2707 1347 2750 mythographae
1373 2707 1484 2742 Berol.
1506 2706 1590 2739 1883
1617 2716 1646 2748 p.
1662 2706 1681 2737 3
1700 2715 1758 2747 sqq

359 2767 416 2806 ²⁰³)
443 2765 670 2797 Necessitudo
703 2764 790 2795 enim
822 2765 988 2796 numinum
1019 2764 1198 2806 spectanda
1226 2768 1293 2803 est,
1326 2774 1409 2806 quae
1434 2764 1526 2795 nulla
1552 2767 1603 2795 est
1627 2762 1662 2793 in
1687 2761 1771 2792 Jone

245 2825 336 2857 inter
362 2822 528 2856 Mercurii
553 2825 587 2854 et
611 2820 781 2865 Apollinis
807 2825 932 2864 partes,
964 2820 1082 2863 quippe
1108 2830 1181 2853 cum
1209 2820 1399 2854 Mercurius
1424 2824 1552 2854 tantum
1577 2818 1769 2851 ministerio

243 2880 403 2922 fungatur
429 2879 619 2921 levissimo,
645 2879 703 2911 sed
729 2879 769 2910 ad
795 2878 970 2921 prologum
995 2878 1184 2920 aptissimo.
