1937 3315
843 150 1129 194 —55-

233 273 358 327 posito
390 272 590 327 Sophoclis
618 270 845 317 auctoritas,
876 282 973 322 quae
1003 269 1144 324 pendet
1173 270 1220 311 ab
1250 269 1484 318 Herodotea‚
1524 269 1737 311 omittenda

234 342 317 380 erit.
348 365 401 369 —
433 341 507 380 Sed
538 339 671 378 statuit
691 339 883 378 Robertus
913 338 1208 390 discrepantiam
1239 339 1341 377 inter
1371 339 1610 379 narrationes
1641 353 1737 390 quas

233 410 278 450 de
308 408 455 450 Paridis
491 407 720 447 iuventitute
759 405 913 447 exhibet
942 405 1164 459 Euripides,
1201 406 1359 446 alteram
1398 404 1437 444 in
1468 405 1736 452 Andromacha

232 491 265 517 v.
298 477 517 518 293—300
558 482 596 516 et
631 477 789 515 alteram
826 475 866 514 in
898 475 1031 514 Troica
1068 474 1234 526 trilogia‚
1275 474 1421 514 scilicet
1450 474 1490 513 in
1521 475 1736 515 Alexandro

233 554 270 586 et
300 545 513 585 Troadibus
550 559 582 584 v.
613 545 693 585 919
707 558 809 596 sqq.,
852 542 1010 595 (quihus
1046 542 1133 583 addi
1173 548 1300 594 potest
1329 543 1584 595 comparanda
1614 543 1735 596 Iphig.

231 614 355 653 Aulid.
390 612 496 652 1284
513 613 634 664 sqq.),
679 615 729 652 ita
766 611 921 663 quidem
961 611 1072 650 utin
1104 611 1370 650 Andromacha
1409 612 1573 651 veterior
1611 612 1737 663 aliqua

230 684 330 721 fama
360 680 598 733 respiciatur,
629 681 669 720 in
699 693 774 732 qua
804 679 992 732 pastorale
1021 678 1115 718 illud
1145 679 1184 718 in
1206 679 1269 719 Ida
1300 679 1538 720 domicilium
1560 681 1735 721 nondum

230 748 332 799 regia
372 748 477 800 prole
514 748 715 799 indignum
746 753 948 799 putaretur
977 753 1016 786 et
1044 747 1090 785 ad
1120 747 1277 786 infantis
1307 748 1737 799 expositionem'redu-

229 823 393 863 ceretur,
424 816 489 856 sed
521 817 678 856 omnino
699 829 745 855 ex
765 814 964 855 communi
985 813 1211 854 Troicorum
1233 814 1451 867 principum
1476 817 1550 857 vita
1570 824 1608 857 et
1630 830 1737 858 more

230 891 348 931 esset,
389 896 504 935 quam
551 884 666 923 vitam
704 883 933 935 pastoralem
971 882 1156 933 exemplis
1195 882 1409 922 Homericis
1446 885 1605 936 (quibus
1642 887 1736 926 adde

231 953 531 993 Laomedontem
573 954 613 990 Z
637 951 706 998 25)
743 950 936 990 Robertus
973 949 1189 989 illustravit.
1250 951 1368 991 Cuius
1402 952 1552 992 fabulae
1587 955 1734 994 fontem

228 1021 363 1075 Cypria
393 1020 496 1067 dicit,
527 1026 731 1072 postquam
762 1019 853 1058 facis
883 1018 1053 1058 ardentis
1082 1018 1250 1057 fabulam
1281 1025 1319 1057 et
1348 1019 1497 1059 Paridis
1527 1023 1737 1073 expositio-

228 1103 318 1131 nem
362 1088 520 1129 arbitrio
557 1086 746 1127 Welckeri
781 1087 821 1127 in
864 1086 999 1140 Cypria
1036 1086 1184 1127 intrudi
1224 1087 1366 1127 docuit.
1432 1088 1735 1143 Discrepantiam

228 1165 356 1199 autem
393 1158 433 1197 in
462 1170 507 1196 eo
538 1169 623 1195 esse
651 1155 851 1201 iudicavit,
889 1155 993 1206 quod
1022 1155 1063 1194 in
1092 1155 1383 1195 Andromachae
1413 1158 1563 1198 cantico
1592 1162 1736 1200 frustra

230 1227 396 1268 suasisse
426 1225 566 1266 dicitur
587 1224 798 1264 Cassandra
828 1228 872 1263 ut
900 1223 1027 1262 infans
1057 1230 1270 1271 necaretur,
1303 1236 1390 1263 cum
1423 1230 1552 1266 tamen
1582 1228 1737 1280 exposi-

230 1296 282 1336 tio
320 1296 401 1348 ipsa
438 1305 535 1346 quae
570 1292 682 1332 libuit
720 1291 945 1344 parentibus
975 1292 1072 1330 nihil
1095 1292 1203 1330 -aliud
1234 1292 1341 1338 velit,
1384 1306 1499 1343 quam
1531 1294 1734 1335 interitum

227 1364 467 1410 iiisantis⁷³);
503 1362 544 1400 in
573 1360 838 1400 Andromacha
875 1360 992 1411 igitur
1028 1372 1107 1399 non
1142 1360 1303 1412 intelligi
1333 1361 1626 1413 expositionem.
1687 1366 1736 1405 At

230 1440 272 1472 ut
301 1431 392 1483 quid
423 1429 584 1470 sentiam
617 1428 765 1468 sincere
795 1428 989 1474 confitear,
1032 1434 1235 1467 contextus
1266 1428 1405 1468 cantici
1434 1429 1547 1470 istius
1578 1445 1657 1471 non
1683 1433 1735 1473 ita

230 1506 475 1552 comparatus
505 1504 575 1544 est,
606 1503 649 1535 ut
679 1496 867 1535 diversam
899 1509 919 1535 a
950 1496 1095 1547 vulgari
1115 1496 1281 1535 fabulam
1304 1497 1516 1548 dispiciam.
1567 1500 1734 1546 Utinam,

229 1568 355 1621 inquit
390 1567 530 1608 chorus
570 1565 773 1616 indignans
814 1564 859 1603 de
896 1563 1131 1603 infortuniae
1169 1576 1259 1603 suae
1295 1571 1469 1614 auctore,
1511 1567 1660 1608 utinam
1690 1582 1736 1609 eo

228 1632 351 1689 usque
382 1634 618 1676 crudelitatis
649 1632 946 1686 processissent,
988 1639 1030 1672 ut
1058 1645 1137 1671 non
1168 1646 1238 1684 per
1266 1634 1465 1685 ambages,
1496 1635 1735 1688 expositione

228 1706 308 1752 usi,
347 1705 412 1745 sed
444 1703 573 1744 statim
606 1715 724 1742 manu
754 1702 1040 1742 interfecissent
1069 1701 1197 1741 infans
1226 1701 1516 1755 importunum3
1547 1718 1637 1745 nam
1668 1719 1735 1746 ex-

227 1774 367 1827 positio
384 1773 445 1813 illa
462 1796 515 1801 —
532 1778 683 1824 praeter
699 1771 1023 1822 exspectationem
1041 1793 1093 1798 —-
1111 1783 1190 1809 non
1212 1771 1364 1810 suffecit
1378 1773 1424 1811 ad
1442 1775 1732 1825 exstingendain

227 1844 378 1884 fatalem
402 1842 576 1894 stirpem.
616 1839 833 1879 Confirmor
853 1839 893 1877 in
915 1839 986 1878 hac
1007 1839 1196 1879 sententia
1218 1839 1343 1878 verbis
1363 1840 1457 1892 ipsis
1480 1848 1613 1894 poetae
1631 1843 1733 1883 281:

491 1906 654 1962 βοτῆρά
682 1907 721 1947 τ’
753 1904 866 1960 ἀμφὶ
898 1905 1174 1961 μονότροπον
1205 1910 1379 1949 νεανίαν

492 1975 649 2031 ἔρημόν
680 1975 735 2016 θ’
767 1972 990 2027 ἑστιοῦχον
1020 1972 1173 2025 αὐλάν,

228 2060 325 2099 quae
356 2048 395 2087 in
425 2046 559 2085 eodem
591 2044 739 2084 cantico
770 2044 970 2095 leguntur3
1000 2045 1040 2083 in
1072 2044 1214 2096 quibus
1246 2051 1323 2085 tam
1357 2047 1560 2087 manifeste
1583 2048 1733 2100 signifi-

341 2186 384 2227 73)
409 2184 449 2217 cf.
478 2184 579 2217 schol.
606 2184 697 2215 Hom.
732 2182 840 2215 F325
865 2183 1004 2224 (iterum
1030 2184 1234 2226 locupletius
1259 2195 1353 2227 quam
1372 2186 1602 2229 Apollodor.):
1629 2189 1735 2220 τοῦτο

225 2243 262 2278 τὸ
295 2237 467 2277 ἐνύπνιον
491 2238 706 2277 ἀκούσαντες
731 2240 767 2273 οἱ
789 2235 935 2284 μάντεις
957 2241 1017 2273 καὶ
1041 2241 1075 2274 οἱ
1098 2242 1182 2285 περὶ
1206 2240 1286 2279 τοὺς
1310 2240 1470 2290 ὀνείρους
1494 2243 1605 2277 δεινοὶ
1632 2241 1738 2277 εἷπον

226 2300 265 2334 τὸ
301 2299 428 2344 τεχθὲν
453 2297 606 2330 παιδίον
630 2295 766 2333 εὐθέως
794 2292 925 2341 μικρόν
952 2295 995 2328 ὂν
1019 2297 1200 2343 ῥιφῆναι
1225 2302 1359 2342 θηρσὶ
1382 2297 1532 2345 βοράν.
1582 2300 1738 2340 (Scilicet

226 2359 281 2392 Ida
306 2369 399 2391 mons
424 2356 605 2389 bestiarum
630 2354 845 2387 multitudine
871 2353 1031 2396 insignis3
1057 2352 1096 2387 cf.
1123 2361 1259 2399 praeter
1284 2357 1461 2390 Homerum
1480 2358 1577 2401 soph,
1598 2356 1639 2390 fr,
1659 2357 1737 2390 467,

226 2417 264 2448 Η.
297 2417 409 2459 hymn.
436 2414 558 2445 Vener.
586 2412 743 2454 68—72).
792 2412 880 2443 Haec
912 2421 954 2443 ex
979 2413 1156 2454 hypothesi
1182 2420 1270 2457 sunt,
1296 2417 1325 2447 si
1356 2417 1451 2448 modo
1477 2426 1560 2458 quae
1584 2416 1735 2457 proxime

227 2477 409 2516 sequuntur
435 2469 581 2514 pastoris
606 2468 701 2501 illum
725 2467 898 2501 educantis
924 2473 1037 2512 partes
1061 2469 1093 2501 in
1119 2473 1294 2514 tragoedia
1320 2473 1431 2516 potius
1457 2483 1552 2516 quam
1577 2473 1609 2504 in
1635 2472 1733 2516 epico

227 2531 370 2563 carmine
397 2528 608 2561 necessariae
633 2531 710 2558 sunt
734 2526 774 2557 ad
802 2527 1077 2566 recognitionem.
1127 2528 1237 2561 Etiam
1263 2530 1294 2561 in
1321 2529 1512 2572 iphigeniae
1539 2530 1735 2562 Aulidensis

227 2587 358 2620 cantico
390 2584 536 2629 perspici
567 2587 679 2626 potest
707 2582 763 2615 vel
795 2583 906 2624 potius
940 2583 1089 2616 discet-te
1121 2585 1257 2625 dicitur,
1289 2586 1321 2617 id
1348 2585 1524 2618 consilium
1550 2585 1653 2618 fuisse
1680 2595 1738 2617 ex-

226 2646 430 2689 ponentium,
454 2647 492 2676 ut
516 2638 625 2674 infans
650 2640 825 2674 interiret:

642 2700 810 2744 Πρίαμος
832 2694 895 2730 ὅθι
919 2698 1004 2731 ποτὲ
1028 2699 1160 2742 βρέφος
1183 2697 1327 2733 ἁπαλὸν
1351 2700 1451 2742 ἔβαλε

642 2754 779 2802 μητρὸς
802 2752 953 2802 ἀποπρὸ
978 2756 1158 2800 νοσφίσας

643 2812 703 2847 ἐπὶ
726 2807 829 2858 μόρῳ
853 2810 1064 2848 θανατόεντι

642 2865 769 2918 Πάριν.
