1937 3315
874 174 1161 214 -79—

260 294 379 332 Adest
410 292 514 330 enim
536 291 667 329 Venus
698 303 784 329 cum
816 291 970 337 Amore,
1002 292 1113 329 cuius
1144 303 1163 328 a
1194 291 1351 329 sinistra
1383 297 1488 341 parte
1520 303 1635 341 supra
1665 291 1773 329 aedi-

260 360 333 401 ficii
350 360 532 411 angulum
550 358 690 410 legitur
706 355 888 412 φθόνος,
911 372 972 399 res
989 358 1166 411 profecto
1183 358 1471 398 obscurissima.
1504 357 1772 404 Kekuleins24)

260 428 324 481 qui
354 427 504 479 primus
532 431 654 465 totam
685 427 786 466 hanc
817 427 1025 479 imaginem
1058 427 1102 466 ad
1126 426 1303 479 Meleagri
1334 427 1505 466 fabulam
1534 432 1639 466 recte
1659 440 1772 467 revo-

259 496 374 541 cavit,
420 506 568 534 nomen
612 495 705 535 illud
743 496 873 535 Amori
918 496 1114 535 vindicare
1161 495 1261 535 haud
1308 496 1509 535 dubitavit.
1571 496 1683 543 Quod
1729 503 1773 536 ut

258 563 551 615 comprobarem
596 563 673 603 ullo
720 564 857 612 modo,
901 564 1111 617 impetrare
1156 576 1235 604 non
1265 564 1388 616 potui.
1448 564 1625 604 Primum
1666 565 1769 604 enim

257 632 389 683 opinio
419 631 493 677 illa,
524 645 597 683 qua
629 630 675 672 τὸ
707 632 837 672 θεῖον
859 631 948 672 πᾶν
970 631 1193 686 φθονερὸν
1222 633 1441 685 putabatur,
1473 634 1520 673 ad
1543 633 1767 673 universam

257 698 432 739 numinis
472 699 673 738 notionem
715 704 882 751 spectat,
929 713 1028 752 quae
1066 700 1177 740 notio
1208 701 1275 741 ubi
1308 701 1457 740 dicersa
1490 702 1649 741 numina
1682 713 1770 741 cre-

257 769 402 807 duntur
439 767 751 819 pingunturque,
798 768 912 820 longe
951 768 1080 817 abest3
1125 772 1230 818 (nam
1264 770 1440 821 singulos
1473 770 1566 809 deos
1598 770 1768 809 offensos

255 836 464 890 placandos
495 849 580 876 esse
610 850 652 876 ea
683 836 836 889 opinio,
876 850 991 889 quam
1023 838 1231 889 religiones
1261 851 1395 878 secum
1427 838 1575 884 ferunt,
1612 850 1692 878 non
1722 838 1769 877 ad

255 902 431 957 ([θόνον
477 905 665 956 pertinet,
713 918 793 944 non
839 906 885 945 ad
922 907 1160 957 inopinatam
1200 913 1237 946 et
1277 907 1556 958 inexploratam
1589 909 1769 945 fortunae.

254 973 410 1023 labem).
469 973 614 1021 Quodsi
661 973 701 1013 in
748 974 820 1014 hac
863 973 1012 1026 pictura
1053 986 1174 1014 unum
1215 975 1488 1015 tantummodo
1532 986 1680 1014 numen
1712 974 1767 1013 vel

253 1054 322 1094 par
359 1042 522 1081 deorum
561 1042 663 1081 inter
700 1055 741 1080 se
781 1043 1074 1082 cohaerentium
1114 1044 1238 1090 adest,
1278 1056 1370 1082 casu
1401 1043 1528 1094 aliquo
1559 1042 1668 1093 (mox
1702 1055 1769 1081 ex-

252 1110 449 1163 plicando)
487 1110 524 1150 id
562 1111 703 1158 evenit,
741 1124 818 1163 quo
855 1124 902 1150 eo
943 1112 1070 1151 minus
1109 1112 1292 1152 abutaris.
1336 1112 1438 1164 quod
1472 1111 1503 1151 si
1536 1110 1576 1150 in
1608 1110 1766 1150 sinistra

252 1186 360 1232 parte
392 1180 562 1232 spatium
594 1180 791 1232 reliquum
821 1181 970 1230 fuisset,
1001 1181 1079 1220 illic
1109 1193 1264 1232 quoque
1285 1181 1379 1232 quin
1406 1192 1527 1219 unum
1551 1181 1766 1219 alterumve

254 1261 418 1295 numen,
452 1248 556 1287 velut
586 1248 781 1287 venatoria
814 1249 896 1296 dea,
929 1249 989 1287 vix
1011 1248 1208 1290 defuisset,
1240 1260 1319 1287 non
1342 1248 1541 1287 dubitaris.
1589 1248 1711 1286 Porro
1734 1249 1766 1287 si

251 1316 383 1356 invitis
420 1316 493 1356 diis
530 1321 634 1356 amat
664 1316 873 1368 Meleager,
919 1316 1120 1356 adversam
1158 1328 1292 1356 eorum
1325 1316 1562 1356 voluntatem
1595 1316 1766 1357 indicare

251 1385 402 1424 nemini
441 1386 570 1424 minus
609 1386 836 1425 conveniret
866 1398 981 1438 quam
1013 1385 1152 1424 Veneri
1182 1385 1356 1437 filioque:
1403 1385 1490 1424 licet
1526 1397 1664 1424 omnes
1695 1386 1764 1424 ad-

251 1459 472 1498 versentur,
511 1454 642 1492 Venus
681 1460 718 1492 et
749 1457 867 1493 Amor
910 1453 948 1491 in
986 1452 1033 1491 iis
1063 1465 1142 1491 non
1174 1459 1300 1491 erunt.
1360 1453 1485 1491 Immo
1517 1465 1606 1492 cum
1637 1458 1765 1491 certae

252 1523 414 1562 deorum
454 1522 632 1573 regiones
662 1523 759 1569 sint,
800 1523 839 1563 in
871 1534 965 1573 quas
997 1520 1220 1561 dominatur
1250 1521 1427 1573 quisque,
1459 1533 1634 1573 quasque
1665 1521 1766 1560 laedi

250 1602 360 1643 aegre
391 1590 548 1644 patitur,
580 1603 734 1632 amores
755 1590 942 1639 infelices,
976 1588 1180 1629 hominum
1202 1601 1383 1630 rerumve
1405 1589 1547 1630 invidia
1571 1590 1762 1644 oppressi,

249 1661 296 1700 ab
319 1661 459 1700 Amore
491 1666 529 1700 et
560 1668 683 1701 matre
714 1662 794 1701 sere
824 1666 905 1700 tam
935 1660 1101 1700 moleste
1131 1660 1312 1699 feruntur
1343 1672 1459 1711 quam
1490 1660 1537 1700 ab
1569 1661 1665 1713 ipsis
1695 1662 1761 1712 qui

249 1728 458 1768 laeduntur
489 1730 727 1770 mortalibus.
789 1730 917 1778 Quare
949 1728 1127 1780 Sapphus
1157 1740 1277 1775 amor,
1317 1732 1450 1779 utpote
1488 1728 1634 1776 infelix,
1673 1742 1763 1782 per-

249 1803 410 1837 sonatus
456 1798 537 1849 ipse
583 1795 713 1844 τάλας
757 1804 915 1837 vocatur
953 1797 994 1835 in
1032 1797 1185 1836 vasculo
1224 1797 1392 1848 quodam
1423 1797 1547 1848 picto3
1595 1797 1688 1836 item
1720 1799 1760 1837 in

247 1866 452 1905 Actaeonis
491 1865 652 1905 interitu
684 1866 814 1906 Venus
852 1871 890 1905 et
926 1865 1025 1904 filius
1056 1887 1129 1912 —,
1172 1865 1307 1904 maesti
1339 1870 1598 1917 spectatores,
1637 1872 1680 1905 ut
1711 1867 1761 1905 ait

247 1935 456 1975 Kekuleius
487 1961 540 1965 —
581 1936 732 1975 adsunt.
795 1935 890 1974 Utor
932 1934 993 1973 his
1031 1934 1215 1985 exemplis
1257 1947 1276 1973 a
1308 1934 1495 1973 Kekuleio
1526 1936 1761 1987 comparatis

246 2003 335 2057 quia
368 2005 605 2044 contrarium
636 2010 751 2057 atque
785 2003 904 2043 voluit
931 2008 1065 2042 auctor
1094 2003 1139 2042 iis
1171 2002 1371 2042 evincitur.
1421 2003 1529 2043 Adde
1556 2004 1604 2044 iis
1631 2004 1758 2056 ipsum

246 2073 291 2112 de
323 2085 400 2125 quo
431 2073 581 2123 agimus
614 2073 830 2118 vasculum,
867 2072 933 2112 ubi
963 2073 1091 2112 Venus
1123 2072 1347 2120 maerentis,
1384 2074 1501 2113 Amor
1531 2074 1759 2114 haesitantis

245 2141 395 2180 vultum
427 2153 517 2194 prae
549 2153 590 2180 se
620 2143 708 2181 fert.
760 2140 861 2179 Nihil
891 2140 1010 2191 igitur
1040 2139 1205 2192 probant
1226 2140 1350 2180 Ovidii
1374 2141 1500 2189 verba,
1523 2141 1756 2194 Meleagrum

246 2210 464 2249 Atalantam
511 2210 710 2249 adamasse
756 2213 794 2247 et
834 2213 988 2260 optasse
1028 2212 1242 2248 ‘renuente
1281 2209 1372 2248 deo'
1415 2209 1520 2257 (Met.
1539 2210 1621 2249 Vlll
1644 2210 1756 2262 325),

246 2278 465 2318 cuiusmodi
495 2279 688 2317 sermonis
719 2277 839 2316 multa
870 2277 911 2316 ni
941 2277 1052 2316 fallor
1080 2276 1120 2315 in
1152 2277 1272 2329 poetis
1296 2277 1480 2317 Romanis
1510 2277 1620 2317 obvia
1652 2279 1753 2319 fiunt

245 2347 433 2398 exempla.
501 2347 560 2385 An
604 2346 705 2385 sicut
734 2345 822 2384 Met.
855 2344 905 2383 Ill
941 2345 1021 2383 406
1068 2344 1259 2384 ‘adsensit
1295 2345 1474 2396 precibus
1516 2346 1754 2386 Rhamnusia

242 2412 356 2454 iustis
370 2412 392 2462 ’,
427 2426 559 2454 nonne
589 2414 631 2453 in
659 2413 731 2453 alia
762 2412 960 2465 optatione
990 2412 1073 2451 fere
1102 2412 1228 2452 dicere
1249 2419 1403 2465 poterat
1434 2414 1585 2454 ‘renuit
1608 2415 1755 2454 Rham-

245 2482 356 2521 nusia
396 2481 521 2534 virgo’
558 2482 618 2521 vel
647 2487 691 2521 ut
721 2481 796 2520 hoc
825 2481 908 2520 loco
940 2480 1108 2533 ‘optavit
1136 2489 1329 2521 renuente
1360 2483 1432 2522 deo
1452 2481 1492 2521 '‘?
1551 2483 1653 2522 Deus
1685 2484 1756 2522 iste

244 2550 311 2601 qui
354 2550 485 2590 renuit
522 2562 603 2590 non
645 2554 776 2590 certus
816 2548 916 2588 ullus
953 2554 1030 2596 est,
1076 2549 1144 2588 sed
1184 2562 1394 2590 commune
1431 2550 1564 2590 mundi
1595 2562 1755 2595 numen,

243 2614 266 2655 ὁ
305 2612 435 2667 θεός,
479 2618 635 2664 Fatum,
681 2617 783 2669 quod
830 2617 987 2668 quidem
1028 2629 1144 2668 saepe
1180 2618 1336 2670 propria
1372 2630 1537 2670 persona
1568 2619 1754 2658 induitur.

243 2684 391 2738 Nempe
435 2686 595 2734 Fatum,
639 2685 859 2738 antiquiore
905 2685 1141 2726 Graecorum
1187 2686 1372 2738 opinione
1416 2687 1505 2727 Iove
1553 2688 1639 2740 ipso
1684 2701 1753 2740 po-

243 2754 402 2802 tentius,
444 2756 503 2794 vel
528 2755 660 2808 μοῖρα
691 2755 748 2805 vel
770 2753 946 2793 Nemesis
978 2755 1036 2793 vel
1058 2754 1174 2794 Parca
1206 2755 1357 2803 dicitur,
1389 2755 1511 2806 (velut
1541 2756 1580 2796 in
1612 2769 1755 2796 monu-

353 2896 396 2940 ²⁴)
418 2899 513 2931 Arch.
530 2898 603 2939 Ztg.
622 2899 720 2942 1872,
735 2900 807 2931 116.
850 2899 993 2932 Strenua
1011 2898 1138 2932 festosa
1156 2900 1275 2932 offerta
1293 2911 1311 2931 a
1329 2900 1368 2932 G.
1384 2900 1517 2932 Henzen
1534 2900 1635 2933 Roma
1657 2901 1752 2933 1867.
