1937 3315
886 145 1171 187 ῳ33--

272 277 381 306 crum
429 264 623 305 libationis
667 276 779 303 causa
823 262 1017 310 mittatur,
1063 262 1207 302 celetur
1250 267 1377 302 autem
1424 262 1469 302 de
1507 273 1592 301 vera
1632 260 1779 301 timoris

272 334 437 374 materni
458 346 571 373 causa
582 331 645 383 ⁴⁸),
673 345 770 383 quae
792 338 870 371 tam
892 331 1015 382 gravis
1037 338 1106 377 est,
1139 337 1182 370 ut
1202 344 1250 369 ne
1272 331 1429 370 remotis
1451 330 1604 382 quidem
1626 330 1780 370 arbitris

273 401 575 454 Clytaemnestra
614 411 696 439 eam
729 398 906 451 proloqui
943 398 1081 438 audeat
1116 410 1159 437 ac
1198 398 1401 450 praecique
1436 398 1474 438 id
1515 398 1624 438 anxie
1662 404 1779 446 cavet,

273 475 316 509 ut
345 482 394 508 ne
424 468 571 508 Electra
603 468 648 507 de
679 467 902 519 importuno
933 467 997 506 illo
1028 465 1222 506 insomnio
1253 467 1483 519 comperiat3

456 536 512 590 μὴ
545 534 624 577 σὺν
654 532 812 589 φθόνῳ
845 549 888 575 τε
919 534 989 574 καὶ
1024 532 1315 588 παλιγλώσσῳ
1346 535 1428 592 βοῇ

459 606 616 657 σπείρῃ
648 604 840 655 ματαίαν
870 600 999 655 βάξιν
1028 601 1071 650 ἒς
1102 601 1251 641 πᾶσαν
1282 600 1415 643 πόλιν
1445 604 1574 655 (641).

271 673 396 724 Atque
420 672 555 711 malam
580 672 692 711 istam
725 673 867 710 famam
899 671 1107 723 populique
1139 683 1316 709 rumores
1339 670 1541 722 Euripides
1573 671 1614 709 in
1634 670 1782 710 Electra

271 739 424 792 saepius
461 744 741 778 commemorat
770 738 864 778 645.
908 737 1028 778 1013.
1071 736 1189 785 1039,
1219 749 1343 790 neque
1384 737 1423 777 id
1460 738 1542 778 sine
1574 737 1782 779 Stesichori

270 808 510 854 auctoritate,
542 819 631 846 cum
663 807 891 859 praesertim
922 807 996 845 iam
1021 806 1210 845 Hesiodus
1243 803 1382 859 κακήν
1415 804 1563 859 φήμην
1594 806 1782 859 Tyndari—

272 876 365 916 dum
406 874 802 916 commemoravisset.
862 874 973 923 Quod
1012 880 1140 915 autem
1181 874 1227 913 ad
1268 885 1452 927 personas
1490 874 1644 923 attinet,
1683 875 1783 928 apud

272 945 503 996 Aeschylum
522 944 614 984 Cho.
634 945 714 983 510
737 958 819 995 sqq.
842 944 983 982 chorus
1006 956 1202 982 servarum
1226 949 1451 994 portentum
1483 950 1614 983 narrat
1637 944 1783 991 Oresti;

274 1012 375 1066 apud
408 1012 638 1066 Sophoclem
670 1010 962 1065 Chrysothemis
998 1016 1187 1064 quantum
1229 1010 1302 1051 scit
1332 1010 1487 1063 quidem
1524 1024 1611 1051 cum
1653 1023 1784 1051 sorore

275 1081 550 1121 communicat.
582 1081 770 1120 Neutrum
791 1081 1012 1120 Stesichoro
1030 1080 1219 1127 convenit,
1241 1080 1307 1131 qui
1329 1092 1452 1131 neque
1471 1081 1631 1120 chorum
1651 1080 1785 1120 hahuit

273 1161 356 1197 nec,
387 1149 491 1201 quod
513 1148 751 1188 confidenter
780 1147 965 1188 affirmari
986 1153 1125 1201 potest,
1149 1147 1447 1201 Chrysothemin
1470 1148 1636 1198 induxit,
1667 1161 1782 1201 quam

273 1218 482 1270 Sophocles
506 1230 579 1257 una
601 1229 689 1256 cum
711 1216 933 1269 Iphianassa
955 1230 975 1256 e
993 1216 1140 1269 Cypriis
1162 1216 1322 1268 petitam
1340 1216 1486 1256 addidit
1506 1223 1610 1257 certo
1632 1217 1783 1257 scenico

273 1285 434 1326 consilio
465 1292 680 1338 permotus.
740 1285 866 1324 Immo
904 1298 994 1324 eum
1037 1284 1305 1325 familiaritatis
1344 1285 1470 1324 locum
1504 1286 1604 1338 apud
1635 1286 1783 1338 Clytae-

277 1360 502 1401 mnestram,
524 1367 640 1405 quem
662 1353 725 1393 hic
748 1360 855 1393 tenet
876 1353 1178 1405 Chrysothemis‚
1200 1353 1277 1392 illic
1296 1353 1444 1392 Electra
1467 1354 1637 1402 tenebat3
1659 1367 1783 1405 neque

276 1422 483 1474 quicquam
517 1421 596 1461 veri
625 1422 788 1462 similius
819 1427 896 1469 est,
935 1434 1049 1473 quam
1083 1434 1166 1461 eam
1198 1434 1285 1461 cum
1318 1424 1435 1462 fratre
1470 1434 1623 1461 reverso
1653 1422 1781 1462 statim

275 1490 373 1528 clam
404 1495 581 1541 portenta
612 1489 674 1527 illa
705 1488 1064 1535 communicavisse‚
1099 1489 1199 1527 unde
1230 1488 1359 1527 animo
1390 1489 1615 1528 incitaretur
1644 1490 1689 1528 ad
1721 1490 1782 1528 ul-

279 1559 424 1599 tionem
456 1564 571 1610 atque
601 1557 910 1597 confirmaretur.
969 1556 1018 1596 Et
1048 1557 1102 1597 sic
1132 1559 1302 1609 profecto
1332 1570 1413 1598 rem
1446 1571 1485 1598 se
1516 1558 1655 1598 habere
1678 1558 1782 1599 vide-

280 1637 368 1664 mus
403 1625 442 1664 in
474 1625 610 1664 Oreste
641 1624 741 1671 615,
783 1624 849 1664 uhi
880 1624 1104 1677 Tyndareus
1140 1625 1316 1665 Orestem
1356 1625 1559 1678 increpans
1595 1626 1781 1666 Electram

279 1707 433 1747 quoque
464 1694 633 1734 incusat:

543 1758 568 1814 ἢ
597 1762 648 1815 τῇ
682 1759 858 1814 ι·εκούσῃ
890 1761 935 1799 σ’
966 1757 1151 1815 ἠγρὶωσ’
1183 1762 1245 1808 εἷς
1276 1758 1348 1808 οὖς
1378 1759 1445 1801 ἀεὶ

544 1830 784 1883 πέμπουσα
814 1825 986 1882 μύθους
1016 1827 1092 1870 ἐπὶ
1123 1828 1170 1870 τὸ
1203 1828 1537 1883 δυσμενέστερον

543 1893 732 1950 ὀνείρατ’
765 1891 1035 1947 ἀγγέλλουσα
1066 1894 1400 1951 τᾶγαμέμνονος.

280 1965 428 2006 Dicitur
465 1964 528 2005 hic
569 1965 725 2017 quidem
765 1965 811 2004 de
847 1967 986 2006 nuntio
1026 1966 1323 2019 (πέμπουσα),
1370 1979 1570 2007 versamur
1605 1967 1707 2007 enim
1745 1968 1784 2007 in

281 2046 405 2081 scena,
438 2046 557 2086 eaque
588 2033 814 2086 Euripidea,
852 2033 917 2073 ubi
947 2034 1076 2074 nuntii
1107 2034 1208 2074 ultro
1239 2034 1335 2074 citro
1366 2041 1460 2075 eunt
1489 2043 1621 2088 atque,
1654 2043 1695 2076 ut
1724 2049 1786 2076 res

280 2102 402 2153 magis
433 2103 547 2141 etiam
585 2116 631 2141 ex
661 2102 823 2142 heroum
862 2104 1017 2154 regione
1056 2103 1094 2141 in
1132 2103 1281 2142 civilem
1320 2103 1588 2153 detrahantur,
1627 2116 1675 2142 ne
1704 2104 1787 2155 epi-

280 2170 400 2211 stolae
420 2170 575 2222 quidem
599 2177 861 2223 spernuntur3
891 2177 930 2211 at
959 2170 1046 2223 quis
1077 2171 1116 2211 in
1139 2171 1309 2211 carmine
1333 2171 1576 2212 Stesichoreo
1606 2171 1787 2212 nuntium

279 2239 546 2278 intercessisse
583 2238 764 2290 putabit?
832 2239 902 2278 Cui
942 2239 1045 2277 enim
1083 2240 1167 2278 loco
1206 2240 1506 2279 communicatio
1543 2241 1615 2278 ista
1651 2239 1787 2290 aptior,

283 2319 407 2358 quove
437 2305 588 2359 dignior
628 2314 720 2354 erat,
753 2319 868 2359 quam
910 2306 1135 2359 congressui
1173 2306 1226 2347 illi
1263 2306 1303 2347 in
1334 2308 1455 2360 patris
1495 2307 1670 2360 sepulcro
1702 2320 1789 2347 eve-

283 2372 495 2423 nienti?⁴⁹)
554 2374 722 2427 Apparet
762 2375 955 2414 insomnia
990 2375 1051 2414 illa
1089 2377 1168 2414 fere
1199 2376 1334 2415 eodem
1374 2382 1547 2427 tempore
1583 2375 1788 2415 incidentia

281 2455 370 2483 cum
403 2442 552 2483 Orestis
582 2443 761 2491 adventu,
793 2456 907 2495 quem
940 2443 1002 2483 illa
1033 2444 1273 2496 portendunt
1302 2445 1430 2497 paullo
1460 2450 1561 2492 ante,
1593 2444 1632 2484 in
1665 2445 1788 2484 Stesi-

282 2511 400 2550 choro
431 2523 605 2563 quoque,
645 2516 689 2552 ut
718 2511 756 2551 in
789 2511 1045 2566 Choephoris,
1078 2524 1233 2553 causam
1264 2512 1383 2553 fuisse
1424 2525 1493 2553 cur
1523 2512 1671 2553 Electra
1701 2524 1789 2552 cum

391 2637 433 2677 ⁴⁸)
458 2636 491 2669 ld
524 2638 572 2670 sic
603 2648 674 2670 cum
706 2638 924 2680 institueret,
957 2649 994 2670 eo
1026 2639 1223 2682 prudentius
1256 2639 1435 2681 Sophocles
1467 2639 1547 2681 egit,
1587 2649 1649 2681 quo
1685 2638 1791 2670 minus

280 2703 367 2738 ipse,
393 2693 424 2726 si
450 2704 531 2727 vero
550 2694 676 2727 diserte
700 2695 902 2729 afferendum
927 2695 1048 2730 fuisset
1072 2697 1249 2729 secuudum
1274 2696 1480 2737 insomnium,
1503 2696 1677 2729 habuisset
1700 2696 1792 2738 quic-

278 2760 374 2793 quam
415 2751 523 2793 priori
556 2751 609 2782 illi
640 2757 771 2793 aptum3
801 2763 873 2784 nam
909 2763 950 2784 ex
982 2763 1090 2795 angue
1115 2755 1233 2793 anguis
1260 2758 1470 2795 procreatur,
1504 2753 1560 2785 sed
1586 2753 1706 2784 arbore
1731 2753 1791 2784 illa

279 2808 382 2842 semel
408 2807 519 2851 posita
544 2817 703 2850 nusquam
728 2808 768 2840 ad
793 2810 951 2842 traditam
978 2809 1062 2843 viam
1087 2810 1217 2843 reditus
1243 2815 1326 2843 erat.

392 2865 433 2905 ⁴⁰)
459 2873 553 2906 quem
583 2863 709 2905 primus
736 2869 828 2896 recte
856 2865 1044 2898 illustravit
1069 2865 1204 2898 Robert.
1253 2877 1282 2908 p.
1312 2866 1372 2898 167
1398 2876 1466 2908 sqq.
