1937 3315
832 160 1003 199 -74
1076 182 1119 187 ω.

216 290 312 329 gona
349 277 388 316 in
419 289 574 317 scenam
606 276 793 328 producta
823 288 921 328 puer
951 281 1060 328 patre
1092 289 1136 315 eo
1167 288 1291 327 usque
1321 274 1517 326 incognito
1549 274 1643 314 haec
1673 274 1732 314 lo-

215 351 329 386 cutus
360 358 446 385 esse
477 345 630 386 videtur
660 343 724 395 (fr.
747 343 866 396 858):

481 412 582 455 ἆλλ’
612 408 690 470 ἥδε
718 414 765 467 μ’
796 411 1017 460 ἐξέσωσεν,
1049 408 1126 466 ἥδέ
1154 424 1230 464 μοι
1261 405 1439 464 τροφός,

480 483 634 537 μήτηρ,
667 480 853 537 ἀδελφή,
885 479 1040 535 δμωίς,
1071 478 1248 533 ἄγκυρα,
1280 480 1425 533 στέγη,

213 551 356 604 quibus
389 552 526 592 verbus
558 551 772 604 tragoedias
803 550 919 590 huius
950 556 1085 603 poetae
1114 549 1353 602 perlustrans
1383 547 1475 587 alias
1506 547 1566 586 vix
1597 547 1732 587 condi-

214 621 366 660 cionem
397 620 592 660 inveneris
622 634 701 660 non
733 620 818 661 dico
850 627 928 660 tam
950 620 1152 672 pulchram
1174 619 1241 658 sed
1263 617 1379 657 modo
1399 617 1589 657 idoneam.
1631 615 1733 656 Puer

214 688 274 728 vix
308 688 422 729 modo
452 688 608 729 adultus
638 702 721 729 rem
754 702 864 730 suam
896 687 1047 729 fortiter
1068 686 1144 739 agit
1164 692 1208 727 ut
1228 685 1466 733 Menoeceus,
1490 690 1533 726 ut
1552 683 1731 732 Phrixus,

215 765 257 799 ut
288 758 545 811 Chrysippus,
584 771 719 798 omnes
757 758 930 799 eiusdem
968 756 1102 797 aetatis
1139 757 1217 795 fere
1257 754 1433 808 puerilis,
1471 766 1586 806 quam
1619 760 1662 794 ut
1691 753 1731 794 in

213 840 368 868 scenam
400 828 631 880 produceret
660 834 699 867 et
728 827 828 868 virili
858 826 1053 878 nobilique
1083 825 1211 865 animo
1242 830 1398 863 ornaret
1427 829 1538 875 poeta
1568 823 1733 863 libenter

214 896 351 936 secisse
390 895 541 935 videtur
581 895 669 947 (nec
706 908 786 935 non
826 894 1031 935 consilium
1070 892 1262 945 quoddam
1301 897 1458 932 secutus
1492 889 1731 930 contrarium

215 965 283 1013 illi,
315 965 418 1017 quod
449 965 588 1005 comici
619 978 695 1005 una
726 977 815 1004 cum
846 964 956 1016 plebe
976 962 1203 1015 Euripideae
1234 967 1272 1001 et
1293 960 1494 1000 Socrateae
1524 958 1732 1011 sapientiae

214 1032 422 1085 opprobrio
454 1033 675 1085 dederunt).
735 1033 859 1072 Creon
889 1032 941 1071 illi
972 1031 1099 1071 verbis
1129 1029 1337 1081 respondet
1368 1026 1515 1067 acerbis
1545 1028 1592 1065 fr.
1617 1027 1716 1066 166:

414 1100 461 1142 τό
494 1100 641 1155 μῶρον
671 1097 786 1153 αὐτῷ
817 1099 892 1141 τοῦ
923 1098 1088 1154 πατρὸς
1119 1096 1276 1152 νόσημ’
1307 1094 1392 1137 ἔνι·
1425 1092 1526 1146 κτλ,

214 1170 278 1209 ubi
308 1169 527 1221 corrigendi
557 1193 611 1197 -—
642 1166 750 1226 αὐτῇ
782 1169 935 1208 voluere
965 1191 1019 1196 —-
1049 1180 1120 1207 nec
1149 1167 1210 1206 ius
1240 1178 1312 1205 nec
1331 1165 1406 1205 iam
1429 1177 1543 1205 causa
1563 1170 1623 1204 est
1642 1177 1731 1217 per-

213 1245 344 1292 specto
376 1239 496 1278 semel
528 1237 742 1290 tragoediae
772 1243 1013 1290 argumento.
1072 1236 1169 1287 Item
1202 1235 1248 1275 de
1279 1235 1324 1273 fr.
1351 1233 1450 1273 167:
1493 1261 1495 1263 -

459 1304 519 1361 ῒὴ
549 1305 632 1360 γὰρ
663 1303 843 1359 δόκησις
874 1303 1065 1357 πατράσι
1101 1302 1269 1351 παῖδας
1302 1301 1483 1349 εἰκέναι,

486 1366 539 1413 r'co'c
569 1371 716 1414 πολλά
745 1370 876 1427 ταύτῃ
908 1374 1101 1422 γίγνεται
1134 1373 1292 1411 τέκνων
1322 1370 1423 1421 πέρι

211 1443 287 1483 iam
327 1442 456 1483 omnis
495 1445 574 1483 fere
610 1442 798 1483 dubitatio
838 1441 986 1481 sublata
1023 1446 1094 1480 est.
1154 1438 1350 1480 Nauckius
1392 1437 1463 1477 etsi
1507 1436 1730 1488 ceteroquin

213 1511 331 1550 nimia
369 1511 596 1561 corrigendo
635 1511 754 1550 falsus
791 1515 869 1557 est,
908 1516 1012 1548 recte
1043 1508 1214 1548 restituit
1244 1506 1365 1547 δοκεῖ
1396 1516 1494 1553 σοι,
1526 1505 1668 1556 quibus
1698 1505 1728 1543 si

211 1578 429 1633 praemittis
461 1574 488 1618 ἃ
520 1576 594 1627 (vel
624 1572 663 1627 ὃ)
695 1575 794 1631 γὰρ,
826 1576 1016 1617 sententia
1048 1576 1250 1617 manifesta
1281 1579 1357 1615 est:
1389 1571 1580 1625 Antigona
1601 1571 1730 1625 loqui-

215 1656 278 1688 tur
308 1660 387 1687 non
420 1647 503 1686 sine
534 1646 799 1698 querimoniae
830 1646 1049 1693 acerbitate,
1083 1646 1221 1698 Oedipi
1250 1645 1290 1684 in
1320 1642 1568 1697 procreandis
1598 1641 1729 1681 liberis

212 1717 352 1756 malam
391 1718 588 1756 fortunam
628 1727 717 1754 cum
756 1727 825 1754 sua
863 1727 1109 1767 comparans,
1147 1713 1288 1766 quibus
1325 1713 1384 1753 vel
1420 1711 1467 1751 ad
1504 1710 1564 1750 illa
1595 1708 1656 1750 vel
1682 1709 1729 1749 ad

214 1784 354 1824 similia
386 1783 563 1824 Creontis
595 1783 710 1821 verba
739 1783 969 1834 respondet;
1001 1783 1067 1822 sed
1089 1795 1138 1821 ne
1161 1790 1243 1821 tum
1265 1782 1421 1834 quidem
1445 1785 1477 1824 si
1497 1785 1543 1824 ad
1564 1784 1626 1823 illa
1647 1784 1729 1836 ipsa

211 1852 441 1905 respondet,
480 1850 751 1891 emendatione
789 1851 866 1891 illic
897 1864 994 1904 opus
1026 1857 1096 1899 est,
1128 1863 1216 1890 cum
1248 1850 1333 1892 istis
1364 1866 1442 1894 non
1472 1865 1637 1907 puerum
1667 1852 1729 1906 ip-

211 1935 299 1962 sum
333 1928 519 1973 tyrannus
550 1920 734 1972 increpet,
766 1919 832 1959 sed
862 1919 908 1958 ad
943 1919 1095 1958 tertiam
1126 1932 1330 1971 personam
1354 1934 1563 1961 conversus
1584 1933 1728 1973 oppro-

212 1990 340 2031 brium
372 1989 467 2029 illud
498 1991 679 2041 proferat,
711 2001 808 2039 quae
839 1987 1010 2041 potuerit
1040 2000 1123 2027 esse
1153 1988 1355 2041 Antigona.

324 2058 521 2098 Hactenus
554 2063 596 2097 ut
626 2063 845 2109 congruunt
874 2056 1063 2108 fragmina
1094 2068 1182 2096 cum
1206 2057 1305 2097 vasis
1326 2065 1364 2098 et
1385 2058 1546 2112 Hygino,
1578 2058 1630 2098 ita
1651 2059 1727 2099 im-

209 2128 385 2180 plicatior
428 2126 604 2178 quaestio
649 2132 708 2165 est
754 2126 800 2165 de
837 2125 998 2165 numine
1036 2125 1245 2167 discrimen
1280 2128 1393 2168 dante
1431 2128 1472 2167 in
1503 2127 1727 2179 gravissima

210 2208 342 2237 rerum
373 2193 612 2235 condicione.
674 2194 759 2242 Quo
791 2206 952 2235 munere
973 2193 1176 2235 Herculem
1207 2195 1314 2248 fungi
1336 2195 1508 2249 Hyginus
1539 2208 1627 2236 cum
1660 2208 1727 2236 va-

210 2266 263 2305 sis
308 2265 536 2317 conspirans
582 2270 757 2303 testatur.
819 2262 968 2310 Quodsi
1012 2263 1089 2302 illic
1124 2276 1186 2302 res
1226 2264 1278 2303 ita
1315 2277 1498 2304 conversa
1528 2270 1587 2304 est
1616 2264 1727 2316 quasi

209 2336 353 2374 frustra
375 2332 559 2373 Hercules
589 2331 858 2380 intercederet,
889 2344 1004 2384 prava
1024 2331 1063 2371 id
1085 2332 1355 2386 mythographi
1375 2333 1524 2374 ratione
1544 2334 1725 2373 eflectum

209 2410 279 2450 est,
316 2402 503 2441 nimirum
536 2407 580 2441 ut
610 2413 716 2440 mors
746 2401 962 2440 amantium
996 2401 1198 2453 Sophoclis
1227 2402 1443 2454 potentiore
1473 2408 1554 2442 arte
1584 2401 1725 2441 nobili-

211 2477 286 2510 tata
324 2476 362 2510 et
392 2470 565 2522 Megarae
602 2469 815 2509 conubium
853 2469 1135 2509 adnecteretur.
1195 2470 1292 2510 Nam
1323 2484 1484 2523 prorsus
1513 2470 1724 2511 absurdum

209 2544 269 2578 est
309 2551 353 2577 ac
382 2550 431 2577 ne
462 2537 619 2589 cogitari
650 2537 808 2589 quidem
839 2542 979 2589 potest,
1011 2537 1229 2578 machinam
1262 2538 1524 2579 dissolvendae
1554 2537 1725 2577 condici-

208 2606 294 2646 onis
325 2605 541 2645 difficultati
569 2605 844 2645 inservientem
877 2611 1020 2645 temere
1042 2606 1200 2655 moveri,
1232 2607 1348 2647 deum
1370 2607 1566 2647 voluntate
1587 2618 1656 2645 sua
1676 2605 1724 2645 ab

208 2673 434 2714 hominibus
466 2680 594 2726 spreta
625 2677 854 2714 frustratum
886 2687 906 2713 e
937 2686 1050 2713 scena
1081 2674 1186 2715 abire
1215 2689 1259 2715 ac
1291 2682 1441 2716 tantum
1472 2687 1551 2714 non
1573 2673 1722 2725 depelli.

208 2743 311 2782 Haec
340 2748 612 2781 consentanea.
662 2742 844 2781 Graviore
875 2742 988 2781 turba
1017 2742 1262 2794 implicamur
1282 2746 1498 2795 fragmento
1522 2742 1600 2780 177
1621 2741 1724 2792 quod

208 2812 306 2852 alius
337 2810 410 2858 dei,
443 2810 593 2859 Bacchi,
624 2810 943 2852 intercessionem
974 2811 1143 2852 indicare
1172 2812 1336 2853 videtur.
