1937 3315
793 131 1084 171 -15-

185 246 328 286 bellum
365 246 468 288 inter
503 246 697 299 Europam
736 246 942 298 Asiamque
979 245 1173 286 molientis
1210 258 1231 286 e
1269 245 1418 298 Cypriis
1458 246 1696 287 carminibus

184 317 367 366 (quorum
397 314 553 354 initium
595 326 715 366 paene
751 314 798 353 ad
829 314 990 353 verbum
1028 314 1217 367 expressit
1246 313 1447 366 Euripides
1477 314 1519 354 in
1549 314 1695 355 Helena

182 395 217 422 v.
240 381 421 432 38-41)
444 381 559 422 etiam
575 381 617 422 in
637 386 815 422 novatam
832 380 1000 422 fabulam
1021 383 1273 431 transfertur3
1294 386 1454 422 notatur
1469 381 1507 423 in
1525 381 1692 424 Helenae

182 450 401 502 prologo¹⁷)
444 456 483 489 et
525 450 601 489 iam
645 450 686 489 in
730 450 867 501 prioris
910 449 1001 489 anni
1046 450 1248 501 tragoedia,
1293 450 1462 498 Electra,
1509 451 1576 490 ubi
1620 451 1695 491 sub

182 517 298 556 finem
330 522 443 569 poeta
469 524 597 558 totum
628 517 824 569 sequentis
851 517 1035 557 dramatis
1060 524 1332 569 argumentum
1365 517 1533 558 breviter
1553 519 1696 559 indicat

183 585 234 632 (v.
259 583 397 633 1282).
457 585 615 625 Minime
646 590 791 638 pugnat
819 584 925 624 Jovis
952 585 1025 624 ista
1055 585 1264 625 auctoritas
1293 598 1382 625 cum
1414 586 1601 634 Junonis;
1630 587 1695 626 ille

183 651 326 691 bellum
363 653 544 693 excitavit
571 667 648 705 quo
680 659 786 694 totus
817 653 921 692 orbis
951 653 1013 705 (ut
1042 653 1247 705 putabant)
1277 659 1563 701 concuteretur,
1600 654 1694 694 haec

180 715 308 757 Paridi
337 717 515 758 invidens
535 731 606 771 pro
628 719 770 759 Helena
801 720 1051 760 simulacrum
1074 720 1317 770 subiecit¹⁸);
1348 722 1451 772 quod
1472 721 1630 774 quidem
1651 722 1693 762 in

180 784 335 825 brevius
365 791 478 838 poeta
507 786 560 826 ita
591 787 783 828 contraxit
810 788 851 828 in
882 788 1043 836 Electra,
1075 794 1119 828 ut
1148 788 1312 828 diceret:

388 852 497 902 Ζεὺς
526 853 571 894 δ’
603 851 659 902 ὠς
690 853 779 909 ἔρις
808 856 977 906 γένοιτο
1008 855 1082 895 καὶ
1112 853 1246 910 φόνος
1276 856 1458 910 βροτῶν,

387 921 573 964 εἴδωλον
596 918 767 978 Ἑλένης
797 923 1008 979 ἐξέπεμψ’
1039 923 1102 972 εἷς
1122 921 1272 972 Ἴλιον,

179 989 321 1041 quibus
352 991 584 1039 falleremur,
615 992 692 1031 nisi
721 992 761 1032 in
793 992 936 1032 Helena
967 991 1149 1032 disertius
1179 992 1441 1031 edoceremur.

290 1058 478 1099 Incertior
507 1072 568 1100 res
599 1066 658 1100 est
687 1060 726 1099 in
756 1060 894 1100 ceteris
915 1059 1099 1100 dramatis
1128 1058 1366 1099 nominibus.
1407 1058 1556 1099 Dixeris
1588 1060 1621 1100 si
1647 1060 1685 1100 in

179 1133 368 1167 remotam
397 1128 594 1180 regionem
617 1129 843 1181 (Aegyptum
869 1134 911 1168 ut
930 1128 1142 1180 probabile)
1173 1126 1312 1166 deferri
1333 1126 1517 1167 Helenam
1546 1129 1690 1169 fecerat

180 1194 437 1244 Stesichorus,
461 1196 600 1236 tutelae
621 1196 734 1236 alicui
754 1197 813 1236 vel
835 1196 1001 1250 hospitio
1023 1196 1062 1235 in
1085 1195 1246 1235 barbara
1267 1200 1369 1234 terra
1392 1196 1565 1235 mandari
1586 1196 1690 1236 illam

179 1264 409 1315 oportuisse.
451 1264 681 1304 Asseverare
702 1271 830 1305 tamen
852 1266 899 1305 de
914 1265 1055 1305 Proteo
1076 1276 1163 1316 rege
1179 1263 1276 1303 nihil
1290 1263 1436 1312 ausim;
1457 1271 1561 1305 certe
1576 1265 1691 1305 Euri-

177 1331 285 1382 pides
302 1344 416 1371 suum
429 1337 580 1383 poterat
594 1332 709 1372 etiam
722 1332 768 1372 ab
783 1332 978 1372 Herodoto
996 1331 1178 1372 mutuari.
1200 1330 1312 1378 Quod
1324 1331 1371 1371 ad
1383 1331 1581 1372 Idotheam
1599 1333 1691 1373 atti—

177 1405 255 1447 net,
277 1399 521 1440 Homericam
544 1413 763 1453 personam,
786 1406 829 1440 ut
843 1398 962 1441 Εἰδώ
977 1399 1246 1440 diminutivam
1262 1400 1428 1439 formam
1445 1412 1524 1440 non
1539 1400 1690 1453 primus

176 1467 330 1507 induxit
345 1474 480 1520 utpote
494 1469 570 1508 iam
587 1469 628 1508 in
643 1469 819 1521 Aeschyli
833 1469 974 1508 Proteo
992 1471 1054 1517 (fr.
1067 1467 1165 1518 208)
1183 1468 1348 1516 obviam,
1365 1469 1418 1509 ita
1434 1469 1599 1509 alterum
1616 1482 1690 1509 no-

177 1547 268 1575 men
290 1533 517 1589 &sov6q1⁹)
539 1537 715 1577 debuerit
734 1537 848 1577 alicui
867 1548 1024 1576 necesse
1041 1541 1113 1577 est.
1158 1535 1306 1583 Quodsi
1322 1536 1519 1589 Phinei20)
1535 1549 1689 1589 quoque

177 1603 278 1642 socia
299 1603 455 1644 Idothea
477 1610 636 1645 vocatur
651 1605 849 1658 (Sophocl.
867 1608 912 1645 fr.
930 1603 1029 1656 582)
1045 1616 1143 1656 quae
1159 1603 1235 1643 fllia
1251 1604 1392 1645 dicitur
1408 1605 1552 1653 Cadmi,
1570 1605 1691 1646 stabi-

175 1671 269 1711 litur
283 1671 373 1713 inde
390 1674 579 1714 sententia
594 1681 726 1715 nostra
743 1674 789 1714 de
805 1674 1010 1714 Phoenicia
1026 1673 1065 1713 in
1081 1674 1187 1714 hisce
1203 1673 1342 1713 fabulis
1358 1673 1406 1713 ab
1422 1673 1593 1727 Aegypto
1609 1686 1689 1714 non

176 1739 404 1781 dirimenda.
435 1766 490 1770 ——
519 1742 675 1783 Addidit
704 1742 920 1795 Euripides,
960 1742 999 1782 id
1028 1742 1132 1794 quod
1162 1740 1382 1794 postulabat
1410 1747 1687 1794 argumentum

175 1810 432 1861 propositum,
464 1823 603 1850 novam
634 1811 783 1851 fabulae
814 1822 1031 1862 personam.
1090 1809 1221 1848 Finxit
1250 1815 1449 1848 mortuum
1481 1820 1566 1847 esse
1591 1806 1690 1847 Pro-

175 1880 295 1925 teum,
326 1877 672 1919 clementissimum
695 1889 839 1931 regem,
868 1876 1267 1930 Theoclymenum
1289 1875 1411 1915 filium
1434 1876 1555 1928 patris
1576 1875 1688 1928 plane

174 1945 389 1985 absimilem
427 1946 573 1986 instare
615 1947 929 1986 minitabundum
967 1945 1134 1984 Helenae
1174 1945 1386 1984 conubium
1427 1949 1687 1996 appetentem,

173 2013 225 2054 ita
256 2019 300 2055 ut
324 2016 527 2068 profugam
550 2014 746 2056 heroinam
779 2015 826 2056 ab
855 2014 958 2055 illius
988 2012 1253 2055 vexationibus
1275 2012 1451 2067 sepulcro
1472 2010 1602 2053 Protei
1624 2017 1689 2052 ut-

172 2088 261 2135 pote
290 2083 375 2123 loco
406 2096 514 2124 sacro
544 2084 784 2124 insedentem
815 2083 1026 2123 videamus.
1076 2083 1189 2130 Quod
1210 2082 1467 2121 novissimum
1489 2082 1686 2133 quomodo

172 2151 213 2191 in
250 2158 421 2193 mentem
458 2160 593 2205 poetae
624 2152 771 2193 venerit
800 2151 962 2193 forsitan
993 2150 1125 2203 asequi
1155 2150 1371 2203 possimus:
1410 2150 1543 2190 docuit
1579 2148 1684 2189 enim

172 2232 250 2259 una
279 2232 369 2259 cum
391 2220 534 2261 Helena
554 2220 854 2267 Andromedam,
886 2220 1064 2271 mythum
1095 2218 1187 2257 olim
1216 2218 1258 2256 in
1278 2217 1407 2269 Dictys
1430 2217 1615 2268 tragoetia
1634 2217 1682 2256 ab

170 2286 256 2339 ipso
286 2293 493 2329 tractatum
523 2289 582 2329 vel
607 2295 712 2330 certe
740 2292 1102 2335 commemoratum,
1133 2298 1210 2338 qua
1238 2285 1278 2325 in
1302 2284 1498 2337 tragoedia
1518 2283 1687 2324 Danaam

263 2390 306 2433 ¹⁷)
330 2401 363 2423 v.
380 2391 423 2424 36
657 2387 700 2423 τὰ
727 2389 760 2423 δ’
786 2385 832 2422 αὖ
857 2387 947 2426 Διὸς

449 2445 659 2491 βουλεύματ’
685 2444 796 2480 ἄλλα
819 2447 889 2480 κτλ.

265 2504 308 2548 ¹⁸)
333 2505 491 2538 subtilius
515 2515 586 2538 rem
610 2503 799 2548 explicavit
823 2502 960 2537 Usener.
985 2501 1008 2534 l.
1027 2511 1054 2533 c.
1073 2511 1102 2544 p.
1121 2499 1286 2543 356,122.

263 2562 307 2603 ¹⁹)
331 2562 378 2595 De
403 2573 466 2605 quo
484 2562 652 2595 Robertus
677 2572 727 2594 me
751 2561 833 2594 haec
857 2559 986 2592 docuit:
1013 2552 1260 2603 ,,χρηστήριον
1282 2552 1402 2600 ὄνομα
1427 2560 1465 2589 ut
1489 2556 1561 2598 ipse
1586 2560 1688 2598 poeta

173 2629 204 2652 v.
223 2618 288 2651 822
313 2620 465 2663 explicat
489 2619 544 2661 (cf.
568 2630 601 2652 v.
623 2619 674 2653 13.
722 2618 809 2651 Plat.
832 2616 962 2660 Cratyl.
984 2616 1050 2648 407
1068 2614 1123 2657 B);
1149 2624 1192 2646 ex
1216 2613 1379 2655 Euripide
1405 2621 1522 2643 nomen
1547 2609 1688 2651 sumpsit

173 2680 273 2717 poeta
296 2676 559 2718 Alexandrinus,
583 2686 677 2719 quem
702 2675 856 2718 sequitur
880 2673 993 2706 Conon
1020 2672 1050 2704 8.
1077 2671 1272 2704 Calchantis
1296 2680 1396 2702 soror
1418 2668 1577 2702 Theonoe
1601 2666 1686 2709 apud

174 2730 342 2775 Hyginum
365 2731 431 2766 fab.
451 2733 514 2765 190
539 2732 581 2766 cf.
601 2732 703 2765 266ss

263 2789 307 2829 20)
331 2789 379 2821 De
405 2790 500 2822 cuius
526 2800 599 2822 cum
625 2789 747 2822 Proteo
772 2786 998 2821 similitudine
1022 2796 1054 2818 v.
1079 2785 1185 2817 Duhn.
1211 2785 1242 2817 d.
1268 2783 1391 2817 Menel.
1417 2781 1492 2815 itin.
1518 2790 1550 2822 p.
1580 2779 1619 2812 18
1637 2789 1683 2821 sq.

173 2844 216 2877 33
234 2855 280 2888 sq.
307 2850 343 2878 et
367 2845 579 2888 Heidelberg.
619 2843 824 2878 Festschrift
847 2855 908 2876 zur
932 2842 986 2875 36.
1010 2840 1134 2874 Philol.
1154 2841 1253 2875 Vers.
1298 2839 1393 2873 1882.
1435 2848 1464 2880 p.
1493 2836 1567 2871 122.
