1937 3315
206 336 245 369 et
275 328 352 369 871
387 329 487 369 idem
520 329 567 369 de
598 343 716 370 uxore
747 337 873 384 capta:

262 407 416 463 δόμοις
444 408 526 464 γὰρ
556 416 648 458 τοῖς
677 409 723 451 δ’
753 410 800 452 ἐν
828 409 1168 465 αἰχμαλωτικοῖς

261 479 585 532 κατηρίθμηται
609 478 826 533 Τρῳάδων
856 478 997 522 ἄλλων
1027 479 1147 534 μετά.

261 548 391 599 οἵπερ
421 545 502 599 γὰρ
530 543 662 600 αὐτὴν
688 546 990 602 ἐξεμόχθησαν
1020 547 1133 602 δορί,

262 620 436 654 κιανεῖν
465 612 562 666 ἐμοί
594 628 662 654 νιν
692 614 868 665 ἔδοσαν,
899 617 985 656 εἴτε
1014 615 1072 670 μὴ
1104 615 1266 655 κιανών

262 679 447 734 θέλοιμ’
468 678 661 731 ἄγεσθαι
693 681 831 725 πάλιν
861 683 903 731 ἐς
929 681 1131 738 Ἀργείων
1159 681 1316 734 χθόνα.

318 767 480 819 Fingere
515 768 553 808 id
590 770 660 809 etsi
698 770 884 811 voluisset
921 777 1046 824 poeta,
1086 783 1163 810 non
1202 782 1301 822 opus
1339 769 1496 817 fuisset3
1536 781 1625 808 nam
1667 774 1709 808 ut

206 836 365 889 captiva,
402 839 480 876 fato
510 839 687 890 famaque
718 839 856 880 obruta
885 845 974 879 ante
1004 839 1215 879 Menelaum
1248 838 1431 878 victorem
1462 838 1502 876 in
1532 849 1708 877 scaenam

205 906 486 958 produceretur
507 930 560 935 —
581 908 682 960 quod
714 908 835 948 voluit
863 908 926 947 ille
946 931 1012 956 —-‚
1043 908 1080 947 id
1102 908 1233 948 eadem
1264 906 1538 947 commoditate
1557 905 1709 945 institui

206 981 367 1026 poterat,
410 976 441 1014 si
477 976 632 1027 propria
662 989 779 1016 manu
808 989 891 1015 eam
923 977 1116 1016 Menelaus
1146 976 1310 1028 cepisset
1338 982 1376 1015 et
1404 975 1442 1015 in
1475 975 1589 1014 domo
1620 986 1709 1013 cum

206 1042 344 1081 ceteris
375 1043 534 1095 captivis
563 1043 749 1082 inclusam
783 1056 886 1087 nunc
908 1044 1066 1096 produci
1095 1044 1256 1083 iuberet.
1315 1043 1393 1082 Nec
1422 1054 1501 1081 non
1521 1041 1602 1094 ipse
1624 1054 1710 1080 ver-

206 1110 344 1149 borum
376 1111 482 1150 color
510 1112 562 1162 (v,
586 1111 822 1159 873—901)
853 1112 1022 1152 indicare
1051 1112 1202 1152 videtur
1228 1112 1364 1152 tradita
1394 1112 1536 1151 referre
1557 1109 1710 1161 Euripi-

205 1179 306 1217 dem.
367 1178 480 1218 Vides
510 1179 604 1218 haec
632 1180 780 1231 egregie
810 1180 1013 1219 concinere
1042 1191 1129 1218 cum
1161 1192 1205 1218 ea
1228 1179 1437 1218 Stesichori
1457 1178 1581 1217 fabula
1612 1189 1709 1229 quae

206 1247 333 1286 tabula
352 1246 463 1286 Iliaca
483 1253 523 1286 et
542 1247 686 1300 scripto
707 1248 929 1288 testimonio
950 1249 1124 1288 conflatis
1145 1249 1304 1287 evadere
1324 1247 1534 1287 videbatur.
1585 1246 1709 1297 Atque

205 1314 278 1354 etsi
308 1314 500 1367 duplicem
531 1316 636 1355 hunc
670 1328 759 1356 cum
790 1316 1010 1357 Stesichoro
1047 1322 1278 1356 concentum
1308 1314 1500 1368 Euripidis
1530 1325 1607 1352 non
1638 1313 1710 1352 levi

206 1391 243 1424 te
264 1397 477 1436 pensurum
511 1397 636 1436 spero,
667 1391 797 1425 tamen
818 1385 969 1437 gravius
998 1386 1111 1425 etiam
1133 1390 1405 1437 argumentum
1426 1389 1557 1424 restat.
1608 1382 1710 1423 Con-

207 1458 282 1491 stat
320 1452 360 1491 in
395 1452 606 1492 Stesichori
643 1453 811 1493 carmine
848 1454 989 1493 milites
1025 1453 1186 1493 infestos
1222 1453 1262 1492 in
1293 1452 1475 1492 Helenam
1512 1451 1710 1490 incurrere

206 1532 285 1559 non
315 1521 446 1567 armis,
483 1528 526 1560 ut
555 1528 857 1562 consentaneum
885 1524 1012 1568 fuerit,
1045 1524 1254 1561 instructos
1285 1521 1349 1560 sed
1379 1520 1582 1571 lapidibus,
1612 1532 1710 1570 quos

206 1587 269 1626 ille
300 1588 430 1627 statim
461 1589 634 1642 corporis
663 1589 894 1630 nobilissimi
924 1590 1067 1630 deliciis
1097 1589 1303 1642 permulcti
1331 1588 1526 1628 amittunt.
1587 1586 1710 1626 Habes

206 1662 335 1695 autem
367 1657 407 1696 in
438 1657 652 1698 Troadibus
684 1659 823 1698 milites
853 1660 901 1698 ad
929 1658 1200 1710 lapidationem
1231 1663 1383 1710 paratos
1413 1669 1447 1696 v.
1472 1656 1596 1696 1039:

874 1748 1001 1800 βαῖνε
1031 1744 1273 1800 λευστήρων
1303 1744 1438 1793 πέλας

424 1812 587 1862 πόνους
616 1814 656 1854 τ’
681 1811 865 1866 ’Λχαιῶν
895 1813 1062 1863 ἀπόδος
1092 1813 1137 1856 ἐν
1166 1814 1305 1869 μικρῷ
1334 1812 1523 1868 μακροὺς

421 1882 626 1932 θανοῦσ’,
659 1884 718 1925 ἵν’
750 1882 866 1943 εἰδῇς
898 1882 1041 1937 κτλῦθ).

320 1969 387 2010 His
419 1971 543 2012 verbis
573 1972 767 2014 Menelaus
798 1974 987 2015 militibus
1013 1974 1196 2014 Helenam
1227 1973 1448 2014 redditurus
1483 1971 1603 2024 (quod
1623 1970 1711 2023 qui-

206 2038 294 2077 dem
325 2040 528 2081 consilium
568 2054 659 2082 mox
697 2045 924 2093 commutat)
957 2042 1157 2095 significat,
1194 2042 1320 2095 primo
1356 2042 1403 2082 ad
1438 2040 1709 2093 lapidationem

204 2107 289 2147 illos
316 2114 469 2161 paratos
493 2110 624 2158 fuisse,
647 2117 731 2151 tum
755 2118 884 2152 mente
912 2117 1057 2152 mutata
1082 2111 1209 2164 aliquo
1241 2111 1355 2151 modo
1385 2133 1437 2139 —-
1467 2109 1610 2149 scimus
1633 2120 1709 2160 qua

205 2188 319 2215 causa
357 2184 573 2218 commotos
614 2202 666 2207 —
707 2180 892 2231 perfidam
924 2193 1084 2220 uxorem
1115 2180 1188 2219 sibi
1219 2179 1391 2231 (marito)
1421 2180 1468 2219 ad
1498 2177 1711 2230 quamlibet

205 2256 369 2295 poenam
401 2246 616 2286 tradidisse.
676 2247 883 2300 Perspecto
913 2248 986 2287 hoc
1017 2247 1164 2300 optimo
1194 2259 1326 2287 rerum
1356 2252 1539 2286 contextu
1568 2251 1607 2284 et
1636 2256 1711 2283 un-

206 2311 320 2363 dique
351 2313 533 2353 concluso
563 2316 831 2355 tantummodo
861 2316 1124 2368 quaerendum
1155 2314 1398 2367 relinquitur,
1432 2313 1525 2366 quid
1554 2312 1594 2351 in
1625 2324 1711 2351 car-

205 2379 309 2419 mine
340 2381 474 2421 fecerit
492 2382 688 2423 Menelaus
719 2384 830 2424 uxori
859 2384 974 2424 modo
1001 2388 1260 2436 recuperatae.
1320 2382 1511 2429 Crinibus,
1542 2387 1586 2421 ut
1605 2380 1711 2420 vide—

205 2447 354 2496 bamus,
385 2449 488 2501 rapit
517 2463 599 2490 eam
630 2452 795 2492 infestus
817 2453 984 2504 gladium
1015 2453 1210 2492 intentans
1232 2457 1413 2503 tanquam
1435 2450 1710 2491 trucidaturus.

204 2515 346 2556 Vereor
374 2530 423 2557 ne
452 2518 542 2558 inde
573 2519 643 2559 tibi
672 2520 732 2560 vix
761 2521 808 2560 ad
837 2521 956 2561 alium
976 2527 1157 2561 eventum
1181 2519 1371 2572 perveniri
1392 2531 1504 2571 posse
1524 2517 1710 2564 videatur,

205 2595 334 2635 quam,
360 2597 477 2637 quem
498 2586 585 2628 Ilias
606 2600 721 2641 parva
742 2588 911 2630 narravit
932 2591 983 2639 (v.
1005 2588 1151 2630 Robert
1178 2588 1203 2628 l.
1225 2600 1257 2628 c.
1279 2600 1317 2641 p.
1340 2587 1423 2638 77),
1455 2591 1499 2627 ut
1521 2585 1608 2626 sinu
1629 2585 1711 2624 for-

316 2767 357 2806 58)
383 2769 498 2801 eodem
523 2770 645 2803 alludit
669 2772 726 2803 Or.
745 2772 795 2804 59.
840 2773 932 2804 Hunc
957 2773 1066 2804 locum
1091 2771 1216 2803 collato
1242 2770 1314 2802 Hel.
1339 2769 1398 2801 102
1423 2766 1580 2809 (δέδοικα
1604 2764 1710 2797 πατέ-

203 2834 267 2869 ρας
298 2824 370 2857 τῶν
400 2821 465 2857 ὑπ’
491 2823 578 2870 Ἰλίῳ
602 2828 748 2873 νεκρῶν)
773 2839 846 2861 cum
870 2833 1049 2872 premeret,
1073 2837 1197 2869 graves
1222 2825 1388 2859 Troadum
1413 2834 1533 2858 versus
1558 2825 1711 2864 praeter-

203 2883 365 2919 mitteret,
391 2882 497 2916 falsus
523 2889 575 2916 est
600 2885 681 2916 Hoff.
708 2886 746 2917 de
775 2887 876 2929 myth.
902 2886 973 2917 Hel.
1000 2886 1078 2917 Eur.
1105 2896 1133 2927 p.
1153 2885 1207 2925 24,
1238 2885 1284 2916 ita
1311 2889 1347 2915 ut
1371 2882 1518 2923 fragmen
1546 2878 1627 2911 illud
1653 2876 1706 2919 (de

203 2939 423 2984 lapidatione)
448 2952 510 2974 uon
537 2943 577 2974 ad
603 2942 834 2985 lliupersidem
859 2943 917 2974 sed
942 2943 983 2974 ad
1008 2942 1174 2974 Orestiam
1200 2939 1375 2973 referi-ets
