1937 3315
296 757 610 834 Mythopoeiam
641 780 687 820 de
717 792 793 832 qua
823 779 1068 831 quaestiones
1091 780 1205 820 hasce
1235 781 1388 833 suscepi
1415 781 1494 821 dixi
1522 785 1698 820 veterum

185 848 526 902 grammaticorum
558 847 733 899 exemplo
753 847 971 887 fabularum
998 855 1237 899 argumenta,
1269 849 1470 888 materiam
1493 849 1699 901 praecipue

184 919 224 958 in
254 916 437 969 Euripide
474 915 650 968 quamvis
689 914 902 955 multorum
941 915 1080 955 studiis
1116 921 1409 968 pertractatam,
1447 916 1699 957 multifariam

185 986 387 1035 hueusque
418 984 709 1035 inexploratam.
768 982 1017 1034 Propositum
1048 983 1100 1022 ita
1130 983 1300 1031 institui,
1341 991 1386 1024 ut
1416 985 1543 1036 primo
1573 984 1696 1036 capite

186 1053 240 1104 (p.
261 1053 325 1090 1-
343 1051 414 1102 59)
445 1051 491 1090 ad
522 1052 649 1089 fontes
679 1049 926 1089 ascenderem
957 1050 997 1089 in
1023 1051 1189 1101 quadam
1220 1058 1355 1103 poetae
1386 1058 1509 1092 aetate
1538 1051 1697 1103 cognitu

183 1119 385 1166 faciliores,
408 1119 528 1158 altero
550 1117 673 1169 capite
696 1118 748 1168 (p.
766 1117 946 1167 59483)
978 1120 1083 1157 fonte
1113 1118 1313 1158 deficiente
1343 1119 1605 1171 posteriorum
1638 1119 1700 1158 in-

185 1186 292 1227 diciis
322 1199 418 1226 usus
439 1186 485 1225 de
505 1185 677 1237 quinque
699 1185 902 1236 tragoediis
934 1186 1143 1238 deperditis
1164 1199 1263 1227 nova
1284 1200 1382 1239 quae
1404 1201 1444 1227 se
1473 1188 1701 1227 obtulerunt

184 1266 429 1306 exponerem.
475 1254 518 1292 In
538 1266 615 1304 quo
646 1252 719 1292 etsi
741 1253 1018 1305 mythologicae
1048 1254 1219 1295 rationes
1241 1268 1320 1295 non
1342 1256 1498 1308 ubique,
1530 1262 1575 1296 ut
1604 1268 1699 1295 con-

186 1328 414 1361 sentaneum
446 1330 517 1368 est,
548 1320 681 1360 evitari
711 1326 901 1372 poterant,
938 1329 1068 1361 tamen
1101 1335 1145 1362 ea
1175 1336 1273 1374 quae
1303 1323 1516 1374 longiorem
1548 1323 1701 1374 discep-

185 1389 371 1429 tationem
408 1390 567 1439 exigunt
597 1388 644 1427 ab
676 1389 749 1428 hoc
778 1389 862 1428 loco
893 1389 1045 1429 seclusi.

676 1679 880 1744 Caput
916 1678 1205 1744 primum.

298 1792 570 1844 Mythologiam
593 1792 776 1832 Graecam
808 1804 895 1831 cum
928 1797 1039 1830 antea
1069 1792 1248 1831 homines
1278 1797 1476 1843 tamquam
1497 1791 1701 1831 historiam

187 1859 451 1900 continuatam
483 1861 542 1899 vel
573 1859 690 1900 unius
720 1858 903 1899 carminis
934 1864 1083 1899 textum
1120 1872 1277 1899 narrare
1307 1859 1602 1899 consuevissent
1632 1860 1701 1899 ad-

186 1928 289 1966 ducti
319 1940 409 1966 eum
433 1933 604 1966 veterum
636 1926 956 1979 compendiorum
979 1928 1154 1978 exemplo
1185 1933 1267 1966 tum
1301 1927 1467 1966 maxime
1497 1933 1700 1978 poetarum

186 1995 412 2035 auctoritate
434 1995 713 2043 Romanorum,
736 1994 851 2034 hodie
872 1994 1070 2047 paullatim
1092 1995 1272 2034 effectum
1301 2001 1370 2042 est,
1402 2000 1446 2035 ut
1465 1994 1703 2034 incredibilis

186 2061 249 2100 illa
268 2062 431 2101 varietas
452 2068 760 2113 pernosceretur‚
791 2074 867 2111 qua
897 2063 1053 2100 eaedem
1075 2063 1225 2101 fabulae
1255 2063 1415 2101 diversis
1447 2063 1701 2114 temporibus,

186 2128 291 2177 locis,
323 2129 560 2170 carminibus
590 2129 846 2170 traderentur.
897 2128 1003 2176 Quae
1033 2129 1251 2170 fabularum
1283 2129 1446 2169 varietas
1477 2128 1702 2181 gravissime

186 2208 298 2247 saepe
328 2196 430 2236 inter
461 2210 500 2236 se
531 2197 836 2249 discrepantium
872 2198 975 2237 unde
1011 2203 1100 2236 nata
1130 2198 1181 2237 sit
1221 2205 1260 2237 et
1299 2198 1392 2237 satis
1422 2203 1592 2244 constat,
1631 2210 1703 2237 nec

186 2262 219 2302 si
249 2263 363 2303 hodie
393 2264 509 2304 etiam
541 2278 639 2317 opus
669 2270 773 2305 esset
802 2265 955 2317 longius
988 2263 1177 2316 explicare
1214 2263 1253 2303 id
1283 2264 1356 2304 hoc
1384 2264 1468 2304 loco
1499 2270 1701 2317 praestan-

187 2329 280 2368 dum
310 2337 424 2370 esset.
470 2332 551 2371 Hoc
572 2334 784 2372 tenendum
815 2339 886 2380 est,
909 2333 1147 2372 Graecorum
1177 2331 1362 2380 civitates,
1394 2345 1493 2383 quae
1513 2332 1702 2384 plurimae

187 2398 314 2445 fuere,
353 2410 589 2450 numquam,
630 2400 816 2452 quamdiu
846 2400 973 2440 stabat
1004 2400 1146 2439 Graeca
1178 2398 1354 2447 libertas,
1392 2399 1433 2438 in
1471 2412 1596 2439 unum
1625 2400 1702 2439 im-

185 2465 335 2515 perium
358 2466 417 2504 vel
447 2467 563 2506 modo
582 2467 623 2506 in
644 2469 827 2519 pauciora
847 2481 964 2519 regna
984 2468 1037 2507 ita
1058 2467 1259 2515 coaluisse,
1291 2474 1336 2507 ut
1356 2467 1704 2507 commiscerentur

187 2538 226 2571 et
253 2531 561 2584 adaequarentur
588 2534 692 2575 inter
722 2549 763 2576 se
794 2535 955 2576 traditae
988 2534 1217 2581 memoriae,
1254 2535 1322 2574 sed
1353 2536 1521 2575 maxima
1550 2547 1594 2574 ac
1623 2536 1703 2575 fere

187 2598 379 2638 obstinata
408 2602 624 2641 constantia
653 2603 863 2643 retinuisse
901 2604 1072 2654 singulas
1108 2602 1282 2641 civitates
1319 2609 1435 2653 atque
1465 2603 1581 2642 etiam
1620 2602 1704 2641 sin-

187 2666 275 2717 gula
295 2666 434 2719 oppida
454 2680 543 2707 cum
564 2668 666 2720 leges
688 2683 790 2717 suas,
814 2679 1003 2723 quantum
1025 2669 1175 2717 licebat,
1208 2675 1292 2709 tum
1315 2669 1474 2709 traditas
1495 2669 1702 2721 religiones

187 2740 226 2773 et
255 2734 421 2786 mythos.
481 2735 581 2787 Ergo
611 2749 811 2778 versamur
841 2739 955 2779 hodie
984 2739 1025 2777 in
1056 2738 1307 2779 multitudine
1337 2738 1611 2778 innumerabili
1641 2740 1700 2777 fa-

188 2802 366 2842 bularum
382 2802 484 2842 varie
504 2806 847 2855 conformatarum,
868 2820 946 2859 quo
962 2806 1003 2847 in
1019 2806 1236 2860 labyrintho
1254 2806 1478 2860 paucissimi
1498 2806 1545 2846 ab
1561 2818 1692 2846 errore

1449 2874 1491 2908 1*
