1937 3315
844 181 1133 222 *81-

238 298 389 353 positae
419 306 523 348 sunt,
555 311 619 340 eas
650 298 856 340 cohaerere
887 304 1053 352 oportet,
1082 299 1202 339 immo
1223 298 1365 340 sufficit
1386 298 1615 339 invidiosam
1638 298 1737 338 fato—

237 380 323 407 rum
353 374 586 421 potestatem
619 367 821 418 significari
852 380 1018 420 persona
1047 367 1230 421 peculiari
1260 374 1299 407 et
1328 379 1408 407 non
1442 368 1556 407 modo
1589 368 1738 406 diversa

237 436 283 475 ab
305 436 447 477 Amore
478 437 544 476 sed
578 436 691 476 etiam
723 437 768 476 ad
801 437 884 477 eius
907 449 1004 489 opus
1027 437 1310 477 destruendum
1330 443 1473 489 parata.
1534 437 1580 475 At
1602 435 1739 475 obver—

237 504 329 543 teris
365 505 563 544 interiecta
596 502 777 544 Φθόνοι»
814 504 914 544 illius
949 505 1069 556 figura
1110 504 1223 543 nimis
1261 505 1385 556 premi
1426 504 1527 543 hanc
1563 503 1741 554 imaginis

235 577 408 623 partem3
439 571 654 612 observatio
677 572 776 612 iusta
801 577 839 611 et
860 573 904 612 ad
927 578 1071 612 rectam
1096 572 1191 611 viam
1215 572 1562 612 demonstrandam
1587 571 1740 611 idonea.

237 638 390 680 Etenim
423 640 546 680 oculis
576 654 618 681 se
649 641 822 682 obtrudit
852 641 946 682 mira
968 640 1139 693 picturae
1161 640 1359 693 dispositio
1381 653 1399 680 a
1422 640 1560 681 ceteris
1582 640 1742 680 huiusce

236 708 390 759 generis
422 708 519 748 vasis
550 709 643 749 satis
675 709 835 749 diversa.
888 710 930 749 ln
962 709 1102 761 quibus
1133 722 1219 748 cum
1253 709 1423 748 aedicula
1455 709 1494 748 in
1519 709 1648 748 medio
1670 721 1741 760 po-

236 775 308 815 sita
341 782 378 815 et
408 776 509 815 infra
542 781 580 816 et
610 778 657 816 ab
689 783 851 829 utraque
881 783 990 830 parte
1020 777 1153 829 figuris
1184 776 1416 817 circumdari
1448 777 1591 823 soleat,
1623 790 1740 828 quem

237 856 385 883 morem
419 844 533 884 etiam
568 846 690 885 nostri
726 845 865 885 vasculi
898 857 1074 885 aversum
1108 847 1205 884 latus
1237 851 1374 892 servat,
1406 845 1443 883 in
1478 845 1546 883 liae
1576 845 1737 896 pictura,

237 911 364 960 (cuius
395 912 450 950 rei
472 912 542 951 alia
564 913 738 964 exempla
759 926 871 966 aegre
892 913 1106 964 inveneris)
1128 914 1177 952 ita
1198 913 1360 952 laeditur
1380 913 1453 951 ista
1475 912 1739 964 aequabilitas.

236 984 279 1019 ut
309 979 349 1019 in
376 979 528 1020 sinistra
551 981 714 1020 aedilicii
735 986 843 1033 parte
864 976 991 1020 desint
1012 992 1149 1020 omnes
1171 981 1326 1031 figurae,
1358 980 1502 1020 scilicet
1523 981 1625 1032 quod
1649 993 1738 1033 spa-

235 1048 333 1086 tium
355 1048 566 1087 deficiebat.
604 1050 751 1089 Ilaecce
773 1049 875 1088 enim
899 1050 1068 1090 aedicula
1093 1063 1183 1095 non,
1206 1056 1249 1088 ut
1270 1055 1419 1088 ceterae
1440 1049 1556 1088 liuius
1579 1049 1740 1100 generis,

235 1115 399 1168 simplex
421 1123 480 1156 est
501 1117 650 1156 duabus
673 1118 709 1164 (a
733 1117 881 1165 fronte)
904 1118 1117 1156 columellis
1140 1117 1240 1165 nixa,
1272 1117 1336 1156 sed
1360 1117 1398 1155 in
1421 1117 1568 1156 laevam
1590 1123 1740 1169 partem

234 1183 286 1222 ita
317 1184 505 1235 producta
537 1193 608 1233 est,
642 1191 683 1224 ut
705 1187 825 1225 multo
847 1187 933 1238 plus
964 1187 1076 1225 solito
1113 1187 1322 1233 contineat,
1353 1186 1495 1225 scilicet
1527 1191 1604 1225 tres
1634 1187 1741 1225 colu-

237 1264 346 1292 mnas
364 1258 401 1292 et
417 1252 560 1292 lectum
583 1259 620 1293 et
635 1254 776 1304 figuras
792 1259 985 1306 quattuor.
1019 1254 1151 1306 Coepit
1170 1254 1328 1306 pingere
1351 1254 1490 1306 opifex,
1512 1260 1555 1293 ut
1576 1265 1743 1293 consen-

235 1325 407 1368 taneum,
437 1321 478 1359 in
509 1334 660 1361 summa
692 1322 761 1368 rei,
792 1322 830 1360 in
862 1322 1052 1374 Meleagro
1084 1336 1103 1361 a
1134 1322 1329 1374 germanis
1359 1327 1592 1367 sustentato,
1624 1335 1740 1373 quem

234 1388 409 1429 aedificio
440 1389 660 1430 inclusurus
691 1394 771 1429 erat
800 1395 974 1431 accurate
1005 1391 1043 1431 in
1076 1390 1202 1430 medio
1233 1390 1379 1443 posit03
1422 1389 1489 1429 sed
1531 1402 1617 1429 mox
1655 1403 1743 1430 mu-

235 1458 329 1495 tavit
358 1459 578 1505 consilium,
610 1471 697 1497 cum
720 1458 929 1497 aediculam
954 1472 973 1496 a
996 1460 1129 1497 dextra
1151 1464 1259 1509 parte
1282 1464 1457 1509 coeptam
1481 1459 1602 1509 (quod
1626 1459 1740 1497 etiam

235 1525 413 1566 columna
443 1526 482 1566 in
515 1527 612 1579 pede
640 1526 778 1567 ceteris
799 1526 950 1578 longior
970 1525 1158 1578 ostendit)
1191 1540 1238 1566 ne
1260 1526 1399 1566 lectulo
1422 1526 1576 1578 quidem
1600 1528 1742 1567 suffec-

235 1600 359 1632 turam
383 1595 637 1645 praevideret.
689 1595 898 1634 Deficiente
920 1596 994 1633 iam
1017 1596 1140 1646 spatio
1163 1595 1297 1633 omisit
1318 1597 1460 1645 figuras
1481 1596 1600 1647 partis
1623 1596 1740 1634 sinis-

232 1666 327 1707 trae,
358 1662 423 1701 ubi
446 1652 625 1714 quidem,
648 1675 697 1702 nc
720 1663 765 1702 de
788 1663 904 1702 Diana
928 1663 1065 1708 dicam,
1088 1664 1261 1703 Atalanta
1284 1662 1341 1700 vix
1365 1661 1544 1702 defuerit.
1595 1663 1741 1702 Deinde

232 1729 278 1768 ad
309 1731 466 1769 nomina
502 1731 745 1783 appingenda
777 1732 956 1778 accessit,
995 1744 1069 1782 quo
1107 1732 1146 1769 in
1185 1731 1338 1781 negotio
1372 1743 1450 1769 non
1492 1730 1609 1769 nimia
1654 1731 1738 1769 ‹tili-

232 1798 360 1848 gentia
392 1804 566 1838 versatus
598 1812 682 1838 esse
712 1799 883 1847 videtur,
922 1812 1009 1838 cum
1040 1799 1271 1850 Meleagrum
1305 1798 1369 1847 (ob
1401 1798 1474 1838 loci
1505 1798 1740 1849 angustiam)

232 1865 327 1906 item
348 1867 548 1907 Althaeam
563 1868 614 1919 ²⁷)
637 1868 861 1907 nominibus
883 1880 1015 1907 carere
1037 1873 1248 1919 pateretur.
1295 1867 1440 1913 Quodsi
1462 1867 1622 1906 Veneris
1644 1880 1740 1919 pue-

230 1935 336 1974 rolus
368 1935 446 1987 qui,
477 1936 686 1988 praecipue
717 1936 779 1975 ubi
812 1948 899 1975 cum
935 1941 1057 1975 matre
1087 1935 1317 1975 coniunctus
1349 1941 1418 1975 est.
1453 1948 1613 1987 prorsus
1637 1942 1739 1975 caret

234 2015 510 2055 nonnusquam
543 2005 814 2055 inscriptione,
845 2005 1071 2054 gravissimo
1106 2004 1264 2043 nomine
1298 2009 1335 2042 et
1365 2015 1612 2055 nequaquam
1646 2017 1740 2043 con-

235 2071 414 2111 veniente
434 2072 653 2123 praecellet,
674 2073 720 2111 de
742 2085 934 2112 errore-
949 2073 1168 2112 cuiusmodi
1190 2073 1418 2111 innumeros
1442 2071 1629 2123 praebent
1651 2084 1740 2111 vas-

231 2139 553 2190 cula—cogitare
574 2140 613 2179 in
635 2142 839 2192 propatulo
863 2147 932 2187 est,
954 2141 1034 2179 sive
1057 2141 1093 2179 in
1116 2141 1305 2191 exemplo,
1328 2143 1494 2179 fortasse
1510 2140 1622 2179 huice
1640 2140 1739 2179 vasis

233 2207 380 2247 formae
412 2220 491 2247 non
522 2208 731 2255 destinato,
763 2209 929 2248 daemon
960 2208 1021 2247 ille
1052 2208 1153 2248 hanc
1183 2214 1331 2260 partem
1363 2208 1486 2259 (utin
1509 2209 1629 2247 altero
1654 2221 1740 2247 vas-

229 2275 333 2327 culo)
364 2275 444 2316 sive
475 2277 706 2317 contrariam
738 2277 874 2322 tenuit,
907 2277 959 2316 ita
983 2282 1023 2316 nt
1045 2278 1103 2316 vel
1126 2277 1374 2317 ΦΘΟΝΟΣ
1393 2281 1431 2315 et
1457 2276 1659 2316 ΙΙΟΘΟΣ
1677 2276 1738 2315 in-

230 2343 464 2396 scriptiones
502 2345 560 2384 vel
599 2346 717 2385 alatae
756 2346 854 2385 duae
894 2345 1037 2397 figurae
1075 2345 1178 2385 inter
1223 2359 1263 2385 se
1307 2350 1654 2385 commutarentur.
1693 2368 1741 2371 „-

229 2412 417 2465 Compara
448 2420 577 2454 autem
600 2415 928 2467 sarcophagorum
951 2419 1083 2466 ectypa
1106 2415 1181 2454 huc
1202 2415 1415 2467 spectantia
1439 2426 1535 2465 quae
1558 2426 1646 2453 cum
1670 2414 1741 2452 hac

228 2481 376 2532 pictura
398 2482 538 2522 similia
561 2483 749 2535 quaedam
772 2482 916 2522 habere
936 2482 1105 2522 breviter
1126 2483 1203 2522 iam
1225 2482 1432 2522 Kekuleius
1455 2482 1647 2521 indicavit.
1696 2481 1739 2520 In

228 2548 370 2601 quihus
400 2550 465 2591 ubi
485 2551 644 2591 Althaea
666 2556 980 2604 repraesentatur
1001 2551 1180 2591 titionem
1200 2551 1359 2591 fatalem
1382 2551 1422 2590 in
1444 2563 1506 2590 ara
1530 2562 1739 2601 reponens,

229 2618 346 2658 Furia
384 2620 511 2659 addita
543 2624 601 2659 est
630 2620 676 2659 ad
707 2619 856 2659 facinus
886 2620 989 2659 illam
1020 2620 1221 2672 instigans,
1263 2624 1417 2672 praeter
1449 2631 1566 2669 qnam
1598 2618 1741 2657 Parcae

228 2687 370 2728 adsunt
400 2688 440 2728 in
472 2689 672 2730 nonnullis
702 2689 943 2741 ectypis²⁷·).
998 2690 1045 2729 Et
1066 2689 1195 2729 Parcis
1217 2688 1373 2740 quidem
1398 2687 1494 2727 nihil
1525 2699 1736 2734 moramur,

287 2801 329 2844 ²⁷)
351 2804 435 2836 hanc
460 2804 596 2845 egregie
622 2803 761 2844 agnovit
786 2802 927 2836 Kekule.

290 2858 349 2901 2⁷¹³)
358 2861 502 2895 Althaea
516 2872 587 2894 cum
595 2860 698 2894 Furia
711 2872 738 2894 e.
748 2861 840 2902 gr.in
854 2871 941 2893 sare.
952 2860 1143 2893 Barberinio
1155 2859 1243 2893 Mon.
1254 2861 1282 2893 d.
1294 2861 1322 2892 .Ι.
1332 2859 1417 2900 1Χ2,
1431 2860 1458 2900 1,
1468 2860 1501 2892 in
1512 2858 1738 2899 Borghesiano

227 2914 346 2948 Clarae
360 2916 386 2949 11
400 2918 476 2959 201,
490 2918 567 2960 208,
579 2923 677 2961 atque
692 2919 925 2961 praesentibus
939 2917 1053 2950 Parcis
1069 2918 1100 2950 in
1116 2918 1261 2950 Albanio
1277 2917 1390 2958 Zoega
1405 2916 1651 2958 bassiril.46.p.
1663 2916 1739 2957 217,

226 2972 260 3005 in
278 2973 467 3018 Capitolino
485 2975 587 3019 Fogg.
603 2976 691 3010 ΟΜ.
703 2975 748 3011 lv
763 2975 815 3009 35.
830 2975 942 3010 Millin
957 2976 1023 3018 gal.
1041 2976 1115 3019 104,
1129 2976 1205 3016 415,
1226 2986 1287 3009 nec
1304 2986 1368 3008 non
1387 2975 1421 3008 in
1439 2974 1518 3008 aliis
1535 2974 1739 3017 quibusdam.
