1937 3315
246 285 344 324 quae
375 273 541 325 reliquae
573 279 664 312 sunt
693 286 739 312 ex
769 274 841 312 hac
870 279 993 313 aetate
1024 273 1213 313 inauditas
1243 286 1315 313 nec
1345 286 1423 312 non
1445 279 1616 314 vetustas
1648 281 1754 313 certo

246 340 393 380 auctori
424 340 610 387 tribuere,
644 345 686 379 ut
715 340 817 379 illam
850 353 947 391 quae
977 347 1037 380 est
1067 340 1106 380 in
1136 340 1300 380 Helenae
1336 340 1484 380 cantico
1515 341 1754 381 375—380

246 409 292 449 de
323 408 477 449 Callisto
515 421 536 448 a
570 408 656 447 Iove
694 408 765 448 sub
796 408 917 448 leonis
955 411 1078 449 forma
1109 409 1325 456 dilectam),
1372 409 1431 448 vel
1460 423 1575 461 quam
1607 409 1753 450 ibidem

245 479 392 530 profert
412 478 458 516 de
479 475 646 528 Meropis
668 475 735 516 Coi
756 476 830 516 filia
851 476 891 515 in
912 489 1064 517 cervam
1086 483 1233 517 mutata
1266 479 1302 526 (a
1323 476 1459 526 Diana)
1473 477 1540 529 ⁷⁹),
1573 479 1631 517 vel
1650 478 1755 518 illam

246 546 285 586 in
315 545 509 599 Iphigenia
541 545 702 585 Taurica
736 544 842 586 1258
864 558 948 598 sqq.
979 551 1196 586 exstantem
1228 545 1274 585 de
1299 545 1485 598 Apollinis
1506 545 1635 599 Pythii
1664 560 1754 588 cum

246 615 363 654 Terra
393 613 666 653 controversia.
720 613 946 653 Proximum
978 615 1081 666 quod
1111 621 1200 667 post
1228 614 1327 653 hanc
1357 614 1691 666 disceptationem,
1723 617 1757 655 si

246 689 351 722 recto
386 682 462 722 talo
500 688 576 722 stat
611 694 736 733 neque
772 682 880 722 irrita
910 682 1012 723 cadit
1041 683 1218 730 omnino,
1258 682 1553 735 disquirendum
1585 683 1677 730 erit,
1719 683 1756 723 id

246 748 308 789 me
338 750 461 789 iudice
491 756 570 797 est,
613 756 657 788 ut
686 755 834 789 ceterae
864 750 1036 789 eiusdem
1075 751 1209 790 aetatis
1241 751 1458 802 tragoediae
1489 757 1528 791 et
1558 757 1756 791 exstantes

246 825 284 858 et
313 824 504 870 quatenus
534 818 617 857 fieri
647 824 776 870 potest
806 818 1045 870 deperditae,
1092 819 1386 871 perquirantur,
1428 819 1467 858 in
1509 819 1652 871 quibus
1683 820 1756 860 etsi

246 899 324 926 non
363 893 466 926 certa
503 899 592 926 ansa
632 886 718 926 data
754 892 813 926 est
852 893 895 926 ut
934 886 973 926 in
1004 886 1164 935 Helena,
1207 892 1335 926 tamen
1371 888 1557 927 veteriora
1592 888 1758 928 inveniri

246 955 460 1008 potuerint,
507 968 623 1007 quam
670 955 710 994 in
748 954 922 1007 priorum
967 961 1186 1007 temporum
1229 954 1376 994 multis.
1452 955 1528 995 Sed
1568 956 1756 996 nobisid

246 1029 440 1076 praestare
470 1035 575 1063 nunc
604 1035 681 1062 non
711 1022 751 1062 in
782 1023 913 1063 animo
943 1030 1013 1063 est.

744 1302 947 1367 Caput
985 1264 1267 1354 alterum.

364 1403 397 1440 1.
442 1401 626 1452 Trilogias
647 1401 872 1453 Euripideas
893 1401 945 1440 ita
966 1401 1177 1448 institutas,
1209 1407 1253 1440 ut
1273 1401 1515 1451 singulorum
1539 1401 1757 1440 dramatum

247 1475 474 1522 argumenta
504 1482 549 1508 ex
585 1469 719 1509 eodem
757 1469 973 1509 fabularum
1007 1469 1111 1521 cyclo
1150 1469 1355 1521 desumpta
1395 1468 1636 1521 temporibus
1675 1481 1760 1507 sese

247 1539 478 1590 exciperent,
509 1550 597 1577 cum
621 1539 892 1577 tantummodo
913 1544 1085 1576 extrema
1117 1544 1251 1588 poetae
1282 1543 1398 1582 aetas,
1421 1537 1621 1588 Aeschylei
1643 1536 1760 1575 studii

246 1607 368 1660 plena,
400 1606 583 1659 praebere
612 1606 842 1658 plerumque
872 1606 1105 1653 crederetur,
1145 1604 1291 1645 scilicet
1321 1604 1497 1645 Troicam
1546 1616 1646 1645 anno
1678 1605 1758 1644 415

247 1682 285 1715 et
305 1676 527 1715 Thebanam
550 1675 631 1714 408
653 1675 817 1720 doctam,
841 1674 1156 1713 Wilamowitzius
1178 1674 1301 1721 (Anal.
1317 1674 1407 1712 Eur.
1435 1686 1472 1724 p.
1489 1675 1583 1721 175)
1606 1686 1759 1713 summa

247 1756 335 1783 cum
373 1743 638 1795 prababilitate
678 1742 870 1782 eiusmodi
905 1743 1125 1794 exemplum
1167 1742 1290 1781 multo
1330 1742 1526 1793 antiquius
1565 1741 1759 1788 indicavit,

247 1812 293 1850 de
322 1824 399 1862 quo
430 1817 519 1863 post
554 1823 597 1849 ea
637 1823 735 1861 quae
771 1810 917 1849 addidit
945 1810 1139 1849 Robertus
1169 1810 1220 1860 (v.
1243 1810 1374 1848 Herm.
1406 1810 1472 1847 XV
1502 1822 1538 1861 p.
1562 1810 1659 1858 485)
1698 1810 1759 1848 vix

247 1879 503 1919 dubitandum
535 1879 702 1918 videtur:
734 1879 882 1929 Aegeus
912 1879 1085 1918 Theseus
1115 1878 1346 1930 Hippolytus
1367 1878 1395 1916 Ι.
1434 1877 1625 1929 trilogiam
1667 1880 1761 1918 effe-

247 1959 344 1986 cere.
395 1946 465 1986 Cui
495 1946 737 1986 coniecturae
768 1959 814 1985 ex
844 1946 891 1986 iis
912 1958 1009 1998 quae
1040 1946 1086 1985 de
1107 1946 1257 1985 Theseo
1288 1947 1480 1997 proferam
1513 1947 1594 1985 fore
1618 1953 1661 1986 ut
1691 1947 1760 1986 ad-

247 2016 474 2054 miniculum
506 2022 700 2054 accrescat
729 2027 854 2066 spero.

357 2083 405 2124 Et
435 2082 481 2123 de
511 2083 665 2135 Aegeo
693 2082 851 2135 quidem
886 2095 964 2123 non
996 2081 1228 2135 paucissima
1259 2082 1349 2123 sciri
1380 2089 1565 2135 possunt,
1605 2082 1636 2122 si
1667 2096 1758 2124 cum

357 2197 399 2241 ⁷²³)
426 2196 468 2230 cf.
505 2195 607 2230 Clem.
644 2196 734 2230 Rom.
768 2197 888 2230 Homil.
920 2197 949 2231 V
978 2197 1033 2229 13:
1069 2197 1261 2230 Καλλιστοῖ
1295 2198 1338 2242 τῇ
1364 2191 1557 2234 Λυκάονος
1596 2192 1761 2242 ἧγριώθη

245 2252 365 2297 (Ζεὺς)
388 2253 489 2287 λέων.

358 2311 400 2354 ⁷⁹)
424 2310 534 2343 Locus
551 2315 741 2352 corruptus,
766 2315 873 2342 tamen
892 2320 1016 2342 summa
1038 2310 1087 2342 rei
1107 2310 1291 2352 perspicua.
1330 2309 1491 2343 Recurrit
1508 2309 1620 2343 fabula
1639 2310 1760 2343 hucus-

246 2379 308 2412 que
341 2368 495 2409 neglecta
521 2368 603 2409 apud
630 2366 727 2399 Ovid.
753 2367 834 2400 Met.
861 2366 916 2399 Vll
935 2367 1011 2406 364,
1044 2366 1109 2399 nisi
1135 2367 1220 2409 quod
1246 2367 1320 2399 illic
1346 2367 1399 2398 vel
1428 2368 1541 2410 plures
1568 2368 1621 2399 vel
1647 2378 1761 2400 omues

246 2427 377 2459 insulae
413 2425 575 2457 mulieres
610 2430 866 2457 commutantur.
922 2424 1108 2456 Secundum
1140 2424 1261 2457 Boeum
1293 2424 1559 2465 Ornithogouiae
1584 2430 1759 2458 auctorem

246 2482 395 2525 Meropis
420 2482 509 2513 filius
535 2486 568 2514 et
595 2487 744 2524 nepotes,
769 2481 901 2524 puellae
929 2481 1013 2513 duae
1038 2492 1187 2524 unusque
1205 2482 1353 2524 invenis,
1377 2492 1394 2513 a
1419 2481 1589 2514 Mercurio
1608 2482 1761 2515 Minerva

246 2540 350 2572 Diana
376 2538 473 2571 iratis
505 2539 538 2571 in
571 2549 652 2572 aves
683 2543 854 2572 mutantur
878 2539 970 2580 (Ant.
996 2538 1067 2571 Lib.
1096 2540 1160 2576 15).
1207 2539 1357 2583 Hyginus
1382 2541 1474 2571 Astr.
1489 2538 1518 2571 Π
1537 2539 1577 2571 16
1602 2540 1669 2572 etsi
1694 2540 1762 2573 Me-

247 2596 337 2640 ropis
368 2594 478 2636 (cuius
504 2595 537 2626 in
563 2595 709 2638 aquilam
735 2595 990 2627 conversionem
1016 2600 1051 2628 et
1075 2596 1340 2627 catasterismum
1368 2595 1500 2636 omitto)
1526 2596 1625 2628 uxori
1651 2601 1763 2639 partes

246 2654 351 2686 tradit
369 2652 515 2695 alioquin
534 2653 628 2695 prole
651 2657 839 2695 occupatas,
862 2658 969 2685 tamen
994 2653 1130 2696 propius
1154 2654 1193 2685 ad
1211 2658 1355 2686 veterem
1371 2652 1514 2685 fabulam
1529 2654 1669 2696 accedit,
1690 2664 1761 2687 cum

247 2721 311 2743 una
342 2712 381 2743 de
412 2710 516 2742 Diana
548 2709 671 2750 refert,
710 2720 728 2742 a
760 2720 823 2753 qua
855 2710 947 2742 illam
978 2710 1114 2751 sagittis
1141 2710 1198 2751 figi
1223 2710 1388 2753 perhibet,
1420 2710 1524 2743 donec
1557 2709 1762 2754 Proserpina

246 2769 357 2801 vivam
391 2767 431 2800 ad
463 2765 591 2800 inferos
622 2767 803 2811 abriperet,
837 2786 879 2790 —
905 2766 972 2799 Cur
997 2767 1177 2810 Euripides
1202 2766 1352 2810 Meropis
1378 2766 1480 2800 filiam
1510 2766 1678 2801 Tcwvt‘d‘a
1705 2778 1763 2812 ap—

246 2826 362 2868 pellet,
386 2825 467 2857 item
493 2834 552 2856 cur
578 2823 720 2857 Ovidius
744 2823 887 2856 fabulam
913 2835 984 2857 cum
1012 2825 1166 2857 Herculis
1191 2825 1231 2856 ab
1257 2825 1367 2857 insula
1394 2825 1545 2858 discessu
1571 2830 1763 2867 connectat,

246 2882 314 2916 alio
339 2883 414 2916 loco
441 2891 612 2926 exponam.
