1937 3315
787 161 1078 202 „51-

182 281 382 323 tummodo
413 291 570 331 equum,
601 277 858 317 clarissimum
882 278 1070 325 omnium,
1102 278 1310 330 excipiunt,
1334 276 1543 315 Troianum
1564 275 1687 321 illum,

180 349 366 389 nimirum
397 346 524 386 fabula
546 344 817 384 Laomedontis
849 344 1010 397 decepti.
1062 345 1163 392 Quid
1193 350 1337 391 autem,
1368 356 1463 383 num
1495 356 1584 383 vero
1616 342 1689 381 Mi-

182 429 297 457 nerva
314 412 508 468 Ἐργάνη,
538 412 728 464 principio
759 412 947 452 femineae
975 413 1186 453 industriae
1206 412 1367 452 antistes
1390 412 1519 462 (Hom.
1541 412 1557 451 Ι
1577 411 1689 462 390),

181 483 340 524 Athenis
376 481 557 534 opificum
589 486 771 532 patrona,
815 492 908 520 num
940 493 1029 520 vero
1060 481 1153 521 haec
1182 481 1273 529 fuit,
1315 480 1382 533 qui
1414 486 1564 520 tantum
1595 479 1690 519 illud

182 565 292 605 opus,
331 550 450 591 totius
487 549 596 600 regni
626 549 837 601 perniciem
868 547 1090 589 exstruxit?
1149 549 1230 589 Hoc
1259 550 1326 601 qui
1356 549 1615 601 profiteretur,
1656 547 1690 587 ei

182 619 309 673 Epeus
351 616 565 657 necessarie
602 622 806 669 superator
841 616 976 657 Troiae
1016 623 1121 657 esset
1160 617 1358 658 dicendus.
1426 617 1551 657 Immo
1591 615 1693 655 anti-

182 687 408 741 quissimam
433 685 622 725 Minervae
653 698 742 726 cum
766 684 944 738 Neptuno
975 686 1304 727 necessitudinem
1334 709 1389 716 —
1420 686 1523 726 unde
1540 682 1693 725 Ἱππία

182 767 396 808 cognomen
427 779 481 783 —
512 754 552 794 in
584 754 761 807 plurimis
792 755 885 795 locis
916 755 1161 795 manifestam
1192 755 1267 795 nisi
1296 756 1337 795 in
1365 756 1438 795 hoc
1464 754 1693 807 gravissimo

182 826 266 865 loco
296 823 554 875 neglexissent
584 824 770 876 plerique,
807 836 899 871 non,
930 830 1036 876 puto,
1076 826 1219 863 frustra
1249 824 1374 863 adhuc
1403 824 1624 863 laborarent
1652 822 1692 861 in

185 897 361 932 monstro
382 891 549 930 Troiano
570 891 867 943 explicandoffi).
921 893 1046 943 Atque
1075 892 1204 930 hercle
1235 892 1267 930 si
1297 898 1386 944 post
1416 897 1474 931 tot
1503 902 1694 930 annorum

185 973 349 1014 pugnaS,
395 959 575 1008 sudores,
621 960 746 1000 clades
790 962 995 999 frustratas
1039 959 1164 1011 ligneo
1204 960 1269 999 illo
1309 959 1470 1000 artificio
1509 959 1695 1010 Pergama

185 1029 392 1081 capiuntur
421 1034 459 1067 et
489 1029 528 1068 in
560 1029 712 1068 ruinam
745 1029 970 1068 trahuntur:
1001 1034 1069 1067 aut
1098 1028 1137 1067 id
1158 1028 1364 1068 ridiculum
1392 1035 1452 1068 est
1471 1051 1527 1057 -—
1547 1033 1586 1067 et
1606 1039 1695 1066 vero

185 1102 230 1140 de
272 1099 407 1139 facetia
445 1097 622 1150 populari
659 1096 839 1148 cogitavit
869 1096 1153 1136 Mullenhoffius
1166 1095 1215 1145 ⁶⁶)
1248 1123 1300 1127 -—
1331 1103 1398 1136 aut
1434 1110 1496 1136 res
1534 1102 1697 1147 augusta

185 1181 227 1209 ac
248 1167 387 1214 divina,
418 1165 569 1219 qualem
602 1177 706 1205 nunc
737 1177 820 1205 esse
851 1170 1021 1217 apparet.
1071 1165 1125 1205 Ac
1147 1178 1193 1206 ne
1215 1165 1405 1214 fallamur,
1427 1165 1530 1206 illam
1553 1167 1696 1205 famam

186 1237 434 1277 consulamus
470 1235 668 1286 antiquam
700 1234 892 1286 nullisque
923 1240 1125 1286 poetarum
1157 1235 1324 1274 inventis
1355 1242 1506 1274 auctam
1539 1235 1598 1273 vel
1628 1233 1696 1272 de-

186 1308 391 1345 formatam
429 1303 587 1344 alterius
618 1303 750 1343 Iliacae
782 1303 921 1355 gentiS,
953 1303 1054 1343 Ollei
1084 1303 1252 1344 fabulam
1285 1304 1388 1344 dico:
1428 1304 1558 1344 nullus
1589 1302 1698 1343 facile

187 1374 381 1413 invenitur
412 1379 489 1412 tam
521 1373 732 1411 acerrimus
763 1372 954 1411 Minervae
984 1372 1108 1411 hostis
1138 1378 1253 1424 atque
1283 1378 1541 1425 contemptor,
1584 1383 1699 1410 nemo

187 1443 349 1481 heroum
393 1448 468 1480 tam
514 1440 689 1480 funditus
730 1440 953 1492 deperditur
991 1440 1039 1478 ab
1079 1440 1160 1487 illa,
1201 1454 1324 1492 quam·
1348 1441 1441 1481 Aiax
1481 1440 1547 1479 Ilei
1586 1440 1686 1478 filius

186 1510 427 1561 Apollineum
458 1515 497 1548 et
524 1508 565 1547 in
586 1509 657 1547 hac
677 1510 849 1559 profecto
869 1507 996 1547 fabula
1016 1507 1241 1560 Neptunum
1262 1521 1333 1548 suo
1353 1508 1437 1547 loco
1456 1508 1689 1554 invenimus,

187 1590 276 1618 cum
307 1577 475 1617 Minerva
503 1576 544 1616 in
573 1576 674 1616 illius
704 1575 864 1615 exitium
900 1575 1163 1617 coniunctum.

303 1645 366 1685 Sic
396 1658 486 1696 ergo
519 1645 764 1684 sentiendum
804 1650 864 1683 est
903 1645 949 1683 de
987 1645 1059 1684 diis
1090 1645 1279 1685 Troianis.
1339 1646 1475 1697 Apollo
1516 1647 1624 1683 fuere
1665 1650 1704 1683 et

190 1714 318 1754 Diana.
379 1714 536 1753 Famam
566 1712 685 1765 igitur
715 1712 880 1753 servavit
909 1713 1119 1754 admodum
1156 1713 1297 1754 bonam
1328 1721 1366 1753 et
1396 1713 1596 1765 antiquam
1627 1713 1702 1759 ille,

189 1796 266 1834 quo
296 1789 453 1822 auctore
483 1782 685 1833 Euripides
717 1781 875 1821 Dianam
909 1782 965 1834 (in
1002 1783 1160 1822 canticis
1191 1783 1386 1822 Troadum
1424 1789 1463 1822 et
1494 1782 1702 1833 Hecubae).

192 1851 416 1890 Troicarum
449 1850 655 1889 mulierum
696 1850 804 1888 deam
848 1850 964 1898 dixit3
1004 1857 1118 1902 atque
1155 1863 1260 1890 nunc
1291 1850 1432 1889 iterum
1470 1850 1503 1889 si
1539 1849 1704 1901 legimus

192 1919 329 1959 cantici
350 1919 545 1959 Troadum
577 1931 711 1957 versus
733 1930 830 1969 quos
860 1918 1057 1971 exscripsi,
1088 1919 1166 1958 iam
1196 1921 1276 1958 fere
1307 1918 1487 1958 consulto
1509 1917 1704 1957 Palladem

193 1994 303 2039 poeta
334 1988 390 2028 sic
411 1987 551 2026 Dianae
583 1986 811 2039 opposuisse
843 1986 1013 2033 videtur,
1044 1988 1148 2039 quod
1178 1987 1335 2039 quidem
1369 2000 1439 2039 pro
1471 1993 1579 2026 certo
1610 1999 1705 2025 ven-

194 2056 283 2095 dere
314 2069 393 2096 non
414 2055 552 2096 ausim.
593 2055 670 2094 Nec
694 2061 821 2094 tamen
844 2055 1005 2095 fortuito
1025 2056 1207 2102 evenerit,
1237 2057 1340 2108 quod
1361 2056 1463 2096 idem
1486 2055 1709 2108 Euripides,

195 2136 294 2163 unus
324 2131 515 2176 quantum
548 2124 655 2163 video
685 2123 785 2162 inter
815 2123 1142 2172 Posthomericos,
1174 2125 1328 2164 Troiam
1359 2124 1598 2176 Apollineam
1636 2136 1705 2162 vo-

197 2206 282 2232 care
321 2194 435 2240 solet,
474 2193 588 2243 idque
624 2192 663 2231 in
695 2198 865 2232 extrema
896 2194 967 2233 hac
997 2200 1132 2233 aetate.
1192 2194 1274 2232 Hel.
1303 2194 1407 2232 1511
1434 2190 1563 2232 Ἰλίου
1597 2193 1707 2232 Φοι-

196 2261 340 2312 βείους
376 2260 447 2302 ἐπὶ
484 2259 685 2314 πύργους.
747 2259 812 2300 Or.
840 2259 944 2300 1388
983 2258 1219 2314 περγάμων
1246 2254 1565 2302 Ἀπολλωνίων.
1625 2260 1706 2313 [ph.

195 2330 238 2367 A.
262 2330 353 2370 756.
421 2331 580 2382 Τροίας
613 2327 829 2383 Φοιβήιον
859 2326 1077 2378 δάπεδονς
1120 2330 1368 2370 memorabile
1399 2330 1519 2382 igitur
1550 2330 1644 2378 erit,
1676 2329 1709 2369 si

197 2396 236 2436 in
277 2411 351 2449 qua
396 2398 535 2451 prioris
581 2397 765 2450 temporis
811 2397 1002 2449 tragoedia
1038 2398 1264 2451 Neptunum
1310 2406 1464 2452 praeter
1493 2399 1707 2452 Apollinem

200 2478 506 2507 commemorare
548 2467 760 2506 videbitur:
801 2466 904 2518 quod
941 2467 983 2505 fit
1022 2465 1062 2505 in
1093 2467 1361 2507 Andromacha
1403 2469 1522 2508 1009.
1584 2469 1708 2520 Atque

200 2536 382 2584 quoniam
404 2535 639 2588 Iliupersidis
661 2535 924 2575 Stesichoreae
945 2535 1160 2575 certissima
1191 2536 1231 2575 in
1253 2536 1468 2576 Troadibus
1494 2537 1711 2576 deteximus

200 2602 368 2654 vestigia,
399 2604 552 2644 animus
588 2604 628 2643 in
659 2603 819 2643 eandem
851 2603 1048 2655 regionem
1092 2617 1163 2645 nec
1203 2605 1286 2645 sine
1323 2605 1408 2645 iure
1438 2605 1567 2657 aliquo
1597 2605 1710 2645 incli-

199 2670 318 2710 nabit.
377 2672 549 2720 Accedit,
590 2673 693 2724 quod
733 2684 849 2724 supra
884 2672 1165 2720 intelleximus,
1204 2673 1447 2713 inimicitiam
1479 2673 1621 2712 Dianae
1660 2673 1711 2712 ita

201 2738 371 2778 nuntiari
391 2740 535 2780 Atridis
562 2746 600 2781 et
619 2740 906 2792 quodammodo
927 2740 1099 2780 Orestiae
1121 2740 1192 2780 toti
1213 2741 1423 2792 praescribi
1444 2741 1492 2781 ab
1513 2741 1711 2793 Aeschylo,

312 2838 355 2879 65)
380 2842 572 2875 veteriores
596 2842 773 2885 opiniones
798 2842 983 2885 composuit
1012 2842 1183 2875 Welcker.
1209 2843 1269 2885 Ep.
1296 2843 1392 2886 Cycl.
1419 2841 1446 2875 11
1464 2843 1497 2883 6,
1514 2844 1546 2874 3.

314 2896 352 2936 ⁸⁶)
379 2897 543 2931 Deutsche
569 2898 811 2932 Alter-thumsk.
838 2898 861 2940 l,
878 2899 930 2931 29.

1456 2956 1501 2992 4*
