1937 3315
785 162 1078 202 -11-

177 282 265 320 dere
295 280 479 332 Aegyptio
514 278 569 318 illi
600 278 766 317 Helenae
801 276 1004 330 hospitio?
1063 277 1158 316 Nam
1199 279 1372 329 profecto
1409 277 1480 316 hae
1511 276 1689 327 regiones

175 347 269 387 adeo
303 359 384 387 non
421 346 523 385 inter
557 358 598 384 se
636 345 892 384 secernendae
929 350 1034 391 sunt,
1074 350 1118 384 ut
1146 344 1222 384 iam
1256 343 1475 383 Herodotus
1506 343 1608 383 hanc
1640 343 1690 382 ob

176 413 409 454 vicinitatem
449 412 578 452 Iliadis
626 413 794 452 fabulam
838 425 927 453 eum
966 412 1147 465 Aegyptia
1196 426 1265 452 sua
1315 425 1525 463 congruam
1574 418 1690 463 atque

176 482 336 523 eandem
368 494 453 522 esse
483 486 671 522 autumet.
711 481 826 521 Juxta
855 486 1056 534 ponuntur
1086 481 1222 521 haecce
1253 493 1343 521 orae
1373 478 1401 521 δ
1422 479 1487 528 83,
1520 479 1586 520 ubi
1607 480 1690 520 Me—

177 551 311 590 nelaus
342 555 492 601 septem
522 562 591 601 per
620 562 744 590 annos
775 551 919 590 multos
950 551 1047 591 mari
1076 551 1224 590 labores
1245 557 1284 590 et
1305 562 1457 590 errores
1479 562 1690 602 perpessus

177 618 327 658 venisse
358 617 498 657 dicitur

314 683 497 739 Κύπρον
528 686 741 738 Φοινίκην
769 701 814 725 τε
844 684 917 725 καὶ
944 685 1220 735 Αἰγυπτίους
1249 683 1508 739 ἐπαληθείς,

316 749 554 800 Αἰθίοπάς
597 753 652 792 θ’
684 750 839 806 ἱκόμην
875 752 948 792 καὶ
978 751 1208 800 Σιδονίους
1244 752 1316 792 καὶ
1340 750 1574 806 Ἐρεμβούς
1604 751 1690 792 κτλ.

178 821 257 862 Nec
286 833 365 861 non
396 833 533 860 versus
564 835 584 860 ε
605 819 687 861 282
709 833 765 872 sq.

310 888 385 929 τὸν
416 887 462 929 δ’
493 887 540 935 ἐξ
573 886 821 929 Αἰθιόπων
851 886 987 928 ἀνιών
1016 890 1171 942 κρείων
1201 886 1448 939 ἐνοσίχθων

311 950 504 1010 τηλόθεν
534 954 579 995 ἐκ
609 954 807 1009 Σολύμον
837 953 973 1011 ὀρέων
1003 955 1097 997 ἴδεν

179 1026 440 1071 obverterem,
478 1024 554 1063 nisi
593 1025 639 1063 de
671 1025 915 1077 Solymorum
955 1025 1131 1076 ipsorum
1170 1024 1247 1064 situ
1286 1024 1529 1075 aliquatenus
1567 1024 1694 1063 ambi-

179 1098 345 1144 geretur.
406 1091 519 1140 Quid,
568 1091 600 1131 si
631 1104 697 1131 rex
727 1092 849 1145 ipsius
881 1091 1049 1139 Sidonis,
1080 1092 1183 1143 quod
1214 1091 1470 1131 diversorium
1501 1091 1548 1131 ab
1578 1091 1694 1131 Iliade

181 1163 361 1207 refertur,
400 1160 440 1198 in
472 1160 641 1211 Odyssea
673 1174 695 1199 ο
726 1161 804 1199 115
837 1161 900 1208 (cf,
932 1158 959 1199 δ
987 1159 1144 1209 615)12)
1175 1160 1390 1199 Menelaum
1423 1159 1592 1211 hospitio
1623 1161 1693 1199 do-

179 1228 317 1279 nisque
357 1227 558 1267 decorasse
609 1226 846 1279 perhibetur.
905 1227 1116 1278 Utriusque
1146 1226 1328 1266 carminis
1358 1227 1509 1266 fabulae
1539 1232 1690 1267 tantum

184 1296 293 1335 abest
324 1301 367 1334 ut
396 1296 514 1334 altera
544 1295 699 1334 fluxerit
729 1307 775 1334 ex
805 1296 934 1343 altera,
967 1301 1010 1335 ut
1040 1308 1081 1334 se
1101 1295 1282 1334 adiuvent
1302 1294 1432 1346 potius
1453 1300 1492 1334 et
1511 1306 1694 1347 compro-

182 1363 274 1401 bent
310 1362 350 1400 in
386 1362 521 1400 vicem.
580 1362 707 1408 Quare
742 1364 809 1413 qui
844 1364 973 1402 Iliadis
1003 1362 1264 1402 narrationem
1296 1374 1316 1399 a
1350 1368 1462 1412 poeta
1493 1362 1692 1400 inventam

182 1443 267 1470 esse
304 1428 608 1480 arbitrantur¹³)‚
649 1442 769 1481 aeque
799 1430 986 1470 falluntur
1016 1436 1131 1481 atque
1159 1428 1355 1476 Duhnius,
1395 1429 1461 1481 qui
1491 1442 1575 1469 eam
1606 1443 1694 1470 om-

182 1497 275 1536 nino
306 1496 484 1547 neglexit.
507 1519 560 1525 —-
581 1496 683 1543 Quid
716 1509 806 1536 vero
837 1497 911 1536 sibi
939 1497 1031 1536 velit
1059 1499 1161 1536 fama
1192 1496 1238 1535 de
1268 1496 1435 1535 Helenae
1464 1496 1504 1535 in
1533 1496 1694 1536 orientis

180 1564 404 1616 regionibus
436 1564 643 1612 domicilio,
675 1577 765 1604 eum
797 1565 957 1604 minime
986 1565 1089 1612 latet,
1121 1563 1189 1615 qui
1218 1563 1292 1603 sub
1322 1563 1405 1603 eius
1433 1577 1598 1616 persona
1620 1564 1695 1617 Cy-

180 1633 304 1686 priam
342 1633 452 1672 deam
490 1631 614 1684 ipsam
656 1632 779 1672 occuli
815 1632 1014 1684 cognitum
1054 1632 1179 1672 habet.
1239 1632 1352 1679 Quod
1383 1644 1530 1672 numen
1559 1632 1693 1672 eadem

180 1701 329 1741 ratione
364 1713 410 1740 ex
449 1700 548 1740 mari
577 1700 802 1752 apparuisse
832 1701 1044 1748 dicebatur,
1075 1713 1150 1752 qua
1182 1700 1389 1748 Bacchum,
1421 1713 1570 1740 numen
1599 1700 1692 1740 item

180 1770 327 1809 oriente
357 1780 552 1815 exorsum,
582 1768 623 1807 in
652 1768 750 1807 mari
781 1781 822 1807 se
852 1769 1066 1808 occultasse
1096 1768 1224 1808 fabula
1245 1768 1403 1808 ferebat.
1443 1768 1548 1808 Duos
1569 1769 1692 1808 habe-

181 1849 268 1876 mus
306 1836 479 1875 eiusdem
518 1837 642 1874 famae
679 1836 782 1875 rivos
819 1836 983 1875 alterum
1022 1836 1067 1875 ad
1099 1835 1268 1888 Cyprum
1307 1835 1487 1883 maxime,
1529 1836 1694 1875 alterum

180 1905 227 1944 ad
270 1904 485 1955 Aegyptum
531 1902 858 1954 Phoeniciamque
903 1909 1162 1955 spectantem,
1214 1903 1283 1955 qui
1337 1903 1611 1943 confluxerunt
1654 1904 1693 1941 in

180 1985 225 2012 eo
256 1970 440 2018 carmine,
479 1970 547 2009 ubi
577 1970 660 2023 ipsa
692 1983 712 2010 e
743 1970 867 2024 Cypro
896 1971 1023 2011 insula
1053 1971 1195 2011 Helena
1226 1971 1385 2011 Veneris
1415 1972 1559 2010 festum
1591 1971 1691 2010 cele-

180 2040 298 2079 brans
327 2039 375 2078 ab
399 2038 538 2077 Paride
570 2039 786 2087 abducitur,
817 2039 1012 2079 Dracontii
1043 2040 1128 2079 dico
1158 2040 1342 2086 carmine,
1374 2038 1499 2078 serius
1529 2052 1575 2078 eo
1605 2039 1694 2091 qui-

181 2109 268 2150 dem
300 2106 456 2147 condito
486 2112 526 2146 at
556 2106 620 2147 ‘in
650 2121 728 2159 quo
758 2114 1000 2148 vetustorum
1021 2107 1310 2160 illustriumque
1330 2113 1554 2160 poematum
1576 2120 1697 2160 quae-

181 2177 269 2215 dam
307 2180 466 2215 resonat
502 2174 724 2226 imag0’14).
783 2176 946 2215 Aliunde
981 2182 1112 2215 autem
1151 2176 1245 2215 haec
1281 2175 1544 2227 comperimus
1575 2176 1695 2215 schol.

182 2243 326 2284 Lucan.
366 2242 449 2282 VIII
476 2242 577 2283 458:
620 2243 872 2291 „existimant
908 2256 960 2283 ex
998 2243 1208 2296 Aegypto
1246 2243 1433 2283 Venerem
1470 2256 1568 2295 quae
1605 2249 1697 2284 ante

180 2311 316 2364 χρυσῆ
352 2311 725 2361 cognominabatur,
763 2311 907 2351 relictis
945 2311 1101 2351 sedibus
1138 2311 1219 2351 suis
1255 2335 1310 2339 —
1347 2312 1511 2351 evasisse
1541 2313 1581 2352 in
1611 2324 1697 2351 eam

183 2384 331 2432 partem
357 2377 483 2431 Cypri,
507 2379 545 2418 in
569 2391 652 2430 qua
672 2391 778 2419 nunc
797 2379 953 2432 Paphus
973 2382 1070 2419 est“.
1117 2377 1371 2419 Concluditur
1386 2379 1553 2419 circulus
1571 2379 1695 2419 Hero-

180 2447 261 2485 doti
291 2446 489 2485 luculento
519 2446 755 2494 testimonio,
786 2447 853 2497 qui
876 2446 1009 2485 eadem
1029 2447 1190 2499 Aegypti
1210 2447 1365 2498 regione
1386 2460 1461 2498 qua
1482 2448 1529 2486 de
1552 2447 1696 2487 Helena

180 2512 308 2553 Paridi
338 2513 496 2566 abrepta
516 2513 746 2562 referebant,
777 2516 913 2554 fanum
936 2514 1107 2566 repperit
1128 2513 1267 2568 ξείνης
1281 2511 1552 2569 Ἀφροδίτης,
1579 2527 1697 2567 quam

181 2592 252 2632 pro
270 2580 413 2621 Helena
443 2581 526 2633 ipsa
557 2581 729 2634 accipere
757 2587 893 2622 auctor
915 2594 995 2621 non
1017 2582 1188 2631 dubitat3
1216 2595 1287 2622 cur
1306 2588 1436 2623 autem
1459 2584 1697 2636 ‘peregrina’

182 2647 314 2688 Venus
345 2648 418 2689 ista
448 2655 752 2702 nuncuparetur,
782 2649 885 2702 quod
915 2661 1060 2689 nomen
1089 2649 1354 2691 difficultatem
1386 2651 1545 2703 parabat
1574 2651 1698 2692 Hero-

296 2750 337 2790 ¹²)
362 2761 393 2783 v.
422 2750 603 2784 Rirchhoff.
651 2751 714 2784 Die
739 2752 955 2785 Homerische
980 2751 1131 2797 Odyssee
1159 2753 1244 2786 1878
1269 2764 1299 2796 p.
1320 2753 1394 2785 192.

293 2807 335 2848 ¹⁸)
351 2807 524 2841 Weleker·
559 2808 618 2852 Ep.
632 2809 725 2853 Cycl.
739 2808 833 2843 1194.
865 2810 970 2844 Niese
991 2809 1256 2854 Entwiokelung
1274 2812 1304 2844 d.
1325 2812 1453 2844 homer.
1471 2810 1586 2844 Poesie
1604 2822 1634 2855 p.
1643 2811 1698 2845 39.

295 2863 337 2906 ¹⁴)
363 2864 470 2897 verba
494 2870 573 2898 sunt
600 2866 773 2899 Biicheleri
797 2866 898 2907 (Mus.
922 2866 1025 2899 Rhen.
1051 2867 1093 2900 27
1118 2878 1148 2910 p.
1166 2867 1256 2908 477).
