1937 3315
806 141 1067 180 „7—

178 273 197 297 a
228 259 367 297 Proteo
396 257 509 296 fallax
538 256 633 295 illud
664 256 914 295 simulacrum
950 254 1143 306 accepisse
1173 255 1343 302 dicatur3
1380 261 1465 295 tum
1508 255 1549 295 in
1580 268 1691 296 com-

178 324 377 365 mentariis
406 335 496 363 cum
526 328 630 362 recte
661 321 845 362 Herodoti
879 321 1100 369 auctoritas,
1131 326 1322 373 quantum
1356 322 1577 373 oportebat,
1615 335 1690 362 no—

180 395 326 429 taretur
355 389 420 441 (cf.
449 388 574 429 Tzetz.
605 390 652 430 ad
683 402 717 429 v.
741 389 821 430 820
853 389 938 429 coll.
968 389 1016 429 ad
1050 388 1140 437 112,
1181 388 1273 437 113,
1308 388 1406 440 142)
1419 390 1450 441 ⁵)
1487 390 1691 431 scholiasta

176 468 259 496 rem
290 456 355 496 illo
384 468 461 509 quo
493 456 662 497 diximus
693 458 808 497 modo
840 456 1020 497 turbavit.
1081 456 1152 496 Hic
1180 456 1301 509 igitur
1330 467 1408 495 non
1444 456 1476 494 is
1506 456 1592 502 fuit,
1622 455 1691 507 qui

176 524 345 564 nominis
367 524 504 564 vitium
536 525 569 565 si
597 527 697 565 forte
717 526 938 577 irrepsisset
962 525 1297 566 animadverteret.
1338 525 1538 565 Accedunt
1558 530 1688 564 autem

176 604 311 631 causae
347 591 520 640 altiores,
565 605 635 632 cur
676 592 865 632 Hesiodus
902 590 1087 632 εἴδωλον
1125 592 1289 632 Helenae
1328 605 1407 633 non
1444 591 1690 644 perhibuisse

179 660 364 698 videatur.
409 660 506 699 Nolo
538 673 713 711 urguere,
736 661 903 700 Hesiodo
933 661 1001 712 qui
1030 674 1141 700 verae
1164 661 1330 701 Helenae
1360 665 1489 712 fugam
1521 660 1691 700 narravit

177 727 241 778 (fr.
256 726 334 765 112
352 726 523 779 Kinkel.)
543 727 630 780 ipsi,
653 733 697 768 ut
713 728 759 767 de
775 728 982 768 simulacro
998 730 1171 776 referret,
1192 728 1381 781 palinodia
1398 741 1496 781 opus
1512 730 1687 767 futurum

175 794 315 842 fuisse3
351 794 473 834 abicio
503 796 560 843 id,
600 796 782 847 quoniam
814 802 873 836 tot
902 796 1052 836 diversa
1081 796 1155 835 sub
1185 796 1343 835 Hesiodi
1372 796 1531 835 nomine
1562 796 1688 847 capita

173 862 305 902 latent.
354 862 404 903 At
432 869 544 904 netu
575 864 733 916 quidem
763 863 960 904 fallacibus
980 869 1090 904 utare
1111 863 1362 916 argumentis,
1393 864 1497 904 velut
1516 863 1689 903 necessi·

175 930 307 970 tudine
337 930 398 970 illa
428 931 532 971 inter
560 932 717 972 Hesiodi
746 932 892 972 fabulas
928 937 968 972 et
998 931 1209 971 Sterichori
1245 931 1521 972 intercedente.
1581 931 1689 971 Licet

174 997 277 1038 enim
315 998 355 1038 in
391 999 630 1052 Iphigeniae,
662 999 867 1053 Geryonis,
897 999 1100 1053 Eriphylae
1136 999 1253 1039 rebus
1292 1011 1333 1038 se
1371 998 1601 1051 applicuerit
1638 999 1685 1038 ad

174 1066 386 1105 Hesiodum
418 1067 551 1119 (quem
583 1067 739 1119 quidem
776 1068 880 1115 alias,
912 1074 956 1107 ut
985 1067 1026 1106 in
1056 1067 1195 1119 Cycno,
1226 1066 1524 1118 impugnaviff),
1556 1072 1688 1106 nostra

173 1140 301 1174 tamen
334 1134 460 1175 fabula
481 1135 534 1176 ita
565 1141 785 1189 comparata
815 1141 887 1184 est,
919 1142 964 1176 ut
992 1135 1180 1188 originem
1208 1147 1319 1175 suam
1350 1147 1371 1175 a
1401 1140 1587 1175 novatore
1617 1134 1689 1174 ali-

171 1214 249 1252 quo
287 1202 445 1242 ductam
485 1215 577 1254 prae
622 1216 662 1242 se
707 1206 816 1243 ferat.
882 1204 1016 1255 Neque
1060 1215 1149 1242 cum
1190 1203 1341 1241 Aeneae
1387 1203 1594 1241 simulacro
1639 1203 1688 1241 ab

168 1269 345 1321 Apolline
379 1270 553 1312 subiecto
583 1271 714 1323 (Hom.
746 1274 786 1312 E
813 1271 912 1324 449)
950 1277 1018 1312 aut
1054 1283 1143 1311 cum
1182 1269 1380 1322 Iphigenia
1418 1269 1459 1309 in
1499 1269 1681 1310 nebulam

168 1344 419 1376 evanescente
463 1339 643 1391 componi
681 1340 848 1391 potest⁷)
890 1339 981 1390 (nisi
1019 1339 1124 1390 quod
1165 1340 1333 1377 formam
1380 1338 1470 1377 inde
1508 1339 1682 1377 mutuari

168 1405 338 1457 potuerit
366 1410 508 1457 poeta),
540 1419 629 1446 cum
649 1406 704 1446 illi
734 1406 938 1446 hominum
968 1405 1142 1457 aspectui
1168 1404 1384 1457 eripiantur
1414 1405 1487 1445 sub
1517 1405 1678 1445 deorum

170 1473 286 1512 tutela
307 1473 508 1513 constituti
528 1486 599 1513 nec
619 1486 736 1525 porro
767 1480 811 1513 ut
831 1474 975 1512 Helena
1004 1473 1067 1512 illa
1098 1473 1192 1512 falsa
1221 1472 1324 1511 inter
1354 1473 1487 1511 oculos
1519 1485 1682 1512 manus·

168 1553 242 1592 que
273 1541 476 1581 hominum
507 1547 722 1589 versentur,
764 1541 803 1581 id
833 1540 937 1593 quod
967 1540 1182 1581 recentiore
1218 1539 1379 1579 artificio
1419 1540 1680 1592 excogitatum

168 1615 227 1648 est
257 1614 372 1660 atque
401 1609 449 1648 ab
482 1609 640 1660 antiqua
670 1608 916 1660 simplicitate
945 1620 991 1647 eo
1022 1608 1143 1659 magis
1179 1608 1380 1655 abhorret,
1419 1621 1497 1659 quo
1527 1608 1681 1659 longius

168 1690 188 1717 a
219 1676 357 1718 tradita
378 1684 417 1718 et
447 1677 625 1718 sollemni
645 1677 772 1718 fabula
801 1676 957 1718 recedit.
1003 1675 1116 1725 Quid,
1147 1677 1271 1717 famae
1292 1688 1390 1728 quae
1411 1675 1558 1728 ubique
1578 1677 1682 1717 fere-

169 1746 281 1785 batur
318 1747 365 1785 de
397 1747 618 1786 Stesichoro
656 1751 854 1785 occaecato
891 1752 930 1784 et
964 1751 1054 1797 post
1090 1745 1324 1797 palinodiam
1360 1752 1513 1792 sanato,
1553 1758 1682 1785 nonne

168 1826 285 1853 omne
315 1814 613 1854 fundamentum
640 1813 945 1860 subtraheretur,
976 1812 1008 1852 si
1038 1811 1125 1864 quis
1145 1811 1256 1860 alius,
1288 1818 1326 1852 et
1348 1813 1537 1853 Hesiodus
1568 1827 1681 1866 prae-

167 1881 291 1932 cipue,
322 1881 551 1921 notissimus
572 1887 696 1933 poeta,
726 1881 802 1920 iam
833 1881 967 1920 eadem
997 1885 1213 1927 narrasset3
1243 1892 1372 1918 nonne
1405 1881 1549 1920 mirum
1579 1889 1683 1922 esset

168 1948 378 2001 superioris
398 1949 666 1989 auctoritatem
690 1961 710 1989 a
731 1948 885 1988 nemine
916 1947 1058 1988 diserte
1079 1946 1295 2000 oppositam
1318 1959 1413 1995 esse,
1446 1949 1513 1988 sed
1535 1955 1680 1989 temere

167 2019 293 2056 fontes
334 2018 444 2057 fictos
483 2030 569 2057 esse
605 2017 796 2065 diversos,
833 2017 938 2057 velut
970 2016 1080 2056 Plato
1115 2015 1273 2068 proprio
1313 2016 1474 2056 ductum
1511 2017 1680 2069 ingenio,

169 2084 326 2137 Magnae
358 2085 537 2126 Graeciae
567 2087 668 2125 fama
697 2085 893 2138 Leonymo
923 2090 1080 2125 auctore
1117 2084 1227 2124 illum
1258 2083 1354 2124 dixit
1383 2085 1564 2125 edoctum
1595 2098 1682 2126 esse

168 2153 213 2192 de
244 2165 331 2192 vera
362 2152 528 2194 Helenae
558 2159 696 2194 natura
726 2154 822 2193 nulli
843 2154 971 2206 raptui
1001 2152 1200 2192 obnoxiae.
1246 2152 1331 2192 Una
1360 2153 1458 2192 ratio
1490 2160 1681 2206 superest,

166 2233 242 2271 qua
272 2233 360 2260 cum
392 2221 519 2273 primo
549 2227 706 2274 aspectu
737 2221 858 2262 everti
887 2222 981 2261 haec
1010 2221 1219 2273 disputatio
1239 2221 1425 2269 videatur,
1456 2234 1591 2274 reapse
1621 2228 1681 2262 ta-

167 2299 257 2326 men
279 2287 473 2327 stabilitur
492 2301 609 2340 quam
641 2288 820 2329 maxime.
868 2289 1011 2328 Statuit
1030 2288 1249 2329 Fridericus
1280 2289 1326 2328 de
1347 2288 1463 2329 Duhn
1492 2289 1533 2329 in
1553 2290 1681 2330 fabula

256 2399 282 2439 ⁵)
307 2399 400 2431 locos
418 2400 591 2440 congessit
607 2397 745 2440 Hoffius,
770 2398 809 2430 de
826 2399 931 2443 myth.
949 2398 1022 2432 Hel.
1036 2398 1116 2431 Eur.
1141 2410 1170 2442 p.
1190 2400 1231 2432 79
1249 2410 1308 2443 sq„
1334 2400 1390 2432 sed
1408 2401 1678 2433 necessitudines

167 2454 376 2494 singulorum
400 2464 514 2497 parum
533 2455 700 2487 distinxit.
736 2455 892 2488 Ceterum
908 2453 1046 2487 confusa
1071 2455 1139 2487 ista
1164 2466 1182 2487 e
1199 2456 1327 2488 duabus
1344 2455 1459 2489 fabula
1483 2458 1676 2499 compendia

166 2520 293 2552 quoque
324 2510 493 2544 insedisse
517 2511 654 2545 videtur
684 2511 725 2544 cf.
750 2512 907 2546 Servium
936 2522 988 2555 ap.
1010 2511 1094 2545 Hoff.
1128 2522 1157 2554 p.
1177 2512 1231 2554 81,
1261 2514 1303 2546 59
1334 2518 1369 2545 et
1400 2513 1506 2546 schol.
1533 2513 1677 2546 Aristid.

167 2564 208 2598 ΙΙΙ
229 2565 291 2599 150
313 2565 377 2609 (ap.
402 2567 522 2608 Bergk.
549 2568 582 2599 P.
597 2567 634 2600 L.
649 2567 688 2600 G.
714 2569 756 2601 nd
780 2569 867 2601 Stes.
893 2567 934 2601 fr.
952 2568 1010 2611 32)
1034 2578 1097 2611 quo
1122 2569 1308 2602 novissimo
1340 2569 1415 2601 loco
1446 2574 1484 2601 ut
1507 2574 1580 2602 tota
1610 2579 1680 2601 ma-

166 2621 253 2654 teria
283 2623 468 2667 (perverse)
496 2624 690 2657 Stesichoro
720 2625 899 2669 tribuitur,
935 2625 984 2658 ita
1019 2623 1164 2658 forsitan
1196 2625 1231 2658 in
1268 2631 1385 2659 nostro
1424 2625 1553 2659 scholio
1593 2636 1679 2658 nunc

166 2684 325 2721 corrupto
351 2690 476 2713 summa
494 2680 546 2714 rei
571 2681 611 2714 ab
638 2681 699 2713 illo
723 2680 870 2724 repetita
893 2679 1008 2713 fuerit.

255 2734 282 2770 ⁸)
309 2745 338 2768 v.
356 2735 493 2770 Robert.
539 2736 708 2779 philolog.
735 2736 865 2770 Unters.
894 2736 923 2770 V
948 2747 977 2780 p.
998 2737 1072 2770 189.

256 2790 282 2830 ⁷)
306 2793 517 2834 comparavit
532 2795 617 2827 hane
633 2806 666 2828 v.
679 2794 774 2827 Duhn
792 2793 848 2833 (de
860 2793 1008 2827 Menelai
1024 2793 1147 2827 itinere
1160 2794 1330 2839 Aegyptio
1347 2795 1428 2829 diss.
1454 2796 1557 2828 Bonn.
1582 2796 1677 2830 1874.

166 2854 197 2886 p.
216 2845 275 2885 38)
300 2846 385 2878 illud
411 2848 476 2880 iam
501 2849 610 2881 Servii
636 2854 755 2882 auctor
778 2851 818 2882 ad
844 2851 928 2883 Aen.
953 2850 1060 2884 11601
1089 2862 1118 2893 p.
1137 2852 1200 2883 307
1232 2852 1282 2884 ed.
1300 2852 1411 2885 Thilo.
