1937 3315
826 158 1089 196 *5-

200 277 333 317 eadem
364 275 403 315 in
436 274 625 327 Sophocle
656 273 838 325 pleraque
869 272 1268 325 deprehenderentur,
1309 271 1383 311 nisi
1414 274 1570 312 fortuna
1601 270 1712 311 nobis

200 345 263 384 illa
293 343 506 383 invidisset.
566 341 757 380 Nimirum
789 340 908 388 Aeoli,
940 340 1148 387 Phaedrae,
1181 339 1511 391 Bellerophontes,
1544 339 1710 387 Medeae,

200 410 403 464 Chrysippi
439 415 527 449 ante
564 408 788 460 Euripidem
826 408 866 447 in
904 420 1059 448 scenam
1096 420 1175 447 non
1216 407 1396 460 producti
1441 420 1486 446 ex
1527 407 1712 460 peculiari

200 478 393 530 Euripidis
429 482 510 516 arte
547 483 587 516 et
625 476 778 527 ingenio
815 477 896 515 nati
933 482 1036 515 sunt.
1096 476 1220 526 Atque
1260 474 1421 514 omnino
1452 476 1711 526 praetermitti

199 551 351 598 oportet
378 544 418 583 in
449 556 523 595 qua
553 542 766 595 plurimum
799 543 952 583 novavit
980 542 1146 595 primam
1177 549 1311 595 poetae
1342 547 1520 589 aetatem,
1557 542 1634 589 ubi,
1669 549 1710 583 ut

199 613 253 658 fit,
282 610 525 663 apertissime
557 611 705 649 indoles
737 611 906 649 hominis
937 611 1117 662 erumpit,
1155 611 1405 661 (quamquam
1441 610 1618 649 iuvenilis
1649 611 1711 649 ille

198 680 314 720 ardor
343 678 410 731 qui
439 678 638 718 hominem
670 678 815 727 incitat,
848 685 891 719 ut
920 692 1018 731 quae
1048 678 1189 719 sentiat
1218 679 1447 731 profiteatur
1478 678 1543 718 uhi
1574 684 1707 731 aptum

198 752 258 787 est
287 746 431 798 ubique
460 746 657 800 ineptum,
696 747 821 786 serius
860 747 898 785 in
930 746 1113 799 Euripide
1144 758 1258 798 quam
1297 747 1335 784 in
1372 747 1456 786 aliis
1486 747 1709 798 deferbuit).

199 815 332 866 Neque
362 827 500 855 rursus
531 815 656 854 media
686 815 748 854 illa
780 820 882 855 aetas
913 827 1010 866 quae
1040 814 1178 854 iisdem
1209 816 1288 853 fere
1319 814 1461 854 finibus
1492 827 1535 854 ac
1564 815 1708 854 bellum

197 881 509 921 Archidamicum
550 882 789 929 continetur,
836 881 1089 934 spectandum
1127 886 1204 928 est,
1247 893 1335 919 cum
1375 880 1478 920 illius
1522 882 1710 934 temporis

197 950 346 990 fabulae
377 951 415 990 in
446 950 581 990 Atticis
610 950 814 1003 pleraeque
848 949 1089 1002 argumentis
1119 955 1333 989 versentur.
1396 949 1470 989 Sed
1512 950 1557 990 de
1596 952 1708 991 tertia

197 1018 327 1071 potius
348 1023 471 1057 aetate
492 1019 681 1069 agendum
705 1018 779 1058 erit
808 1030 905 1070 quae
933 1018 1022 1057 inde
1044 1017 1091 1057 ab
1111 1030 1213 1057 anno
1235 1018 1315 1056 415
1337 1017 1484 1069 incipit,
1516 1018 1556 1057 in
1587 1018 1707 1070 qua2)

197 1092 310 1138 poeta
340 1085 567 1138 philosopha
598 1086 660 1125 illa
682 1092 721 1126 et
750 1085 986 1126 sententiosa
1016 1085 1176 1133 ratione,
1209 1099 1283 1137 qua
1304 1092 1342 1125 et
1362 1086 1513 1137 vigebat
1542 1092 1581 1126 et
1600 1087 1708 1126 labo·

194 1154 314 1200 rabat,
345 1153 516 1205 deposita
550 1154 702 1192 tandem
734 1154 827 1193 artis
855 1154 985 1206 potius
1009 1166 1125 1205 quam
1158 1153 1367 1205 sapientiae
1398 1154 1596 1193 studiosus
1618 1155 1707 1193 dra-

196 1227 298 1262 mata
329 1234 397 1261 sua
428 1220 666 1261 firmioribus
696 1234 832 1261 scenae
862 1221 1011 1273 legibus
1031 1221 1302 1274 adstringenda
1333 1222 1525 1270 censebat,
1557 1223 1708 1275 praeci-

195 1303 272 1342 pue
291 1289 468 1342 Aeschyli
498 1302 609 1341 grave
639 1291 859 1342 exemplum
891 1290 1120 1329 aemulatus.
1166 1290 1264 1329 Tum
1296 1290 1414 1341 igitur
1444 1291 1489 1329 ad
1511 1291 1706 1341 vulgarem

197 1358 470 1410 mythologiam
501 1358 553 1397 ita
583 1370 785 1409 aggressus
816 1363 860 1397 ut
889 1370 967 1396 non
998 1357 1129 1397 minus
1160 1362 1246 1396 octo
1278 1357 1559 1409 tragoediarum
1591 1371 1708 1410 argu-

196 1431 325 1465 menta
346 1425 484 1465 Troico
515 1426 620 1478 cyclo
650 1427 882 1472 desumeret‚
917 1426 1101 1478 quoniam
1132 1437 1221 1465 cum
1243 1424 1431 1477 Aeschylo
1461 1432 1607 1465 certare
1629 1439 1707 1466 non

195 1499 357 1546 poterat,
389 1506 483 1534 nova
512 1493 700 1546 praesidia
721 1494 1017 1547 circumspexit3
1047 1506 1175 1545 neque
1203 1493 1305 1533 enim
1328 1493 1531 1546 Euripides
1559 1496 1591 1535 is
1612 1502 1706 1543 erat,

195 1562 261 1614 qui
290 1562 331 1602 in
360 1562 549 1602 imitando
578 1562 850 1614 acquiesceret.
911 1563 1036 1614 Atque
1073 1575 1135 1601 res
1174 1562 1253 1614 ipsa
1293 1574 1424 1601 secum
1462 1562 1627 1611 serebat,
1667 1570 1709 1603 ut

194 1636 305 1682 poeta
337 1642 490 1681 semper
519 1643 615 1669 nova
647 1632 818 1682 proferre
849 1630 998 1678 solitus,
1040 1643 1127 1669 cum
1160 1630 1205 1669 ad
1238 1630 1412 1681 vulgares
1442 1630 1589 1669 fabulas
1620 1632 1703 1670 des‹

194 1696 387 1744 cenderet,
423 1709 544 1736 novos
575 1699 701 1737 fontes
731 1697 854 1737 adiret
893 1710 1019 1750 neque
1056 1697 1166 1750 plebe
1205 1698 1412 1746 contritos3
1451 1697 1489 1737 id
1527 1698 1629 1750 quod
1667 1698 1706 1737 in

195 1764 356 1816 singulis
394 1765 597 1816 tragoediis
636 1765 909 1817 probabimus,
949 1771 988 1804 et
1022 1765 1063 1803 in
1101 1765 1175 1804 illis
1213 1765 1368 1816 quidem
1402 1765 1572 1815 Troicis,
1610 1779 1707 1817 quae

194 1838 286 1872 sunt
304 1838 457 1885 praeter
476 1832 737 1873 Alexandrum
759 1839 798 1873 et
817 1833 1060 1873 Palamedem
1084 1833 1318 1886 deperditas:
1341 1834 1522 1881 Troades,
1544 1833 1706 1881 Electra,

194 1900 349 1949 Helena,
372 1901 542 1949 Orestes,
573 1901 793 1954 Iphigeniae
813 1902 975 1942 Taurica
1005 1907 1044 1941 et
1073 1901 1305 1941 Aulidensis.
1353 1902 1574 1942 Occurrunt
1601 1902 1704 1941 enim

192 1968 231 2008 in
263 1969 324 2008 his
345 1969 534 2022 plurimae
565 1969 713 2010 fabulae
743 1983 903 2023 prorsus
934 1982 1067 2018 novae,
1099 1976 1138 2009 at
1168 1982 1265 2022 quae
1295 1982 1374 2009 non
1396 1970 1523 2009 oleum
1556 1969 1708 2022 sapiant

192 2036 471 2077 lucubrationis
501 2037 748 2091 Euripideae,
790 2039 857 2079 sed
893 2039 1107 2079 certissime
1148 2039 1333 2090 originem
1373 2050 1464 2090 prae
1505 2050 1545 2076 se
1581 2040 1707 2077 ferant

193 2104 286 2144 satis
315 2106 527 2157 antiquam.
586 2105 668 2146 Una
700 2106 865 2147 Helenae
901 2106 1027 2147 fabula
1060 2119 1157 2159 quae
1188 2106 1415 2146 recentioris
1446 2105 1602 2157 originis
1633 2112 1704 2152 est,

191 2184 212 2210 a
242 2185 320 2224 quo
349 2175 519 2225 profecta
551 2174 601 2214 sit
630 2180 787 2215 auctore
817 2175 972 2215 disertis
1003 2174 1236 2215 testimoniis
1268 2174 1445 2214 traditur.
1501 2174 1628 2220 Quare
1657 2173 1705 2212 ab

192 2239 263 2279 hac
293 2240 449 2280 initium
480 2241 591 2281 facio.

928 2357 967 2404 I.

305 2448 340 2486 1.
386 2447 470 2487 Non
494 2448 617 2500 ipsam
638 2449 799 2490 Menelai
821 2462 981 2490 uxorem
1001 2450 1153 2490 Troiam
1181 2451 1384 2490 abductam
1412 2462 1497 2489 esse
1519 2463 1539 2489 a
1556 2450 1704 2497 Paride,

192 2514 256 2553 sed
274 2514 525 2555 simulacrum
542 2516 625 2557 eius
644 2530 664 2557 e
677 2518 817 2558 nebula
830 2520 973 2559 factum
993 2518 1151 2559 Iunonis
1168 2518 1360 2567 instituto,
1378 2518 1500 2571 ipsam
1520 2518 1704 2558 Helenam

188 2581 228 2620 in
258 2581 473 2635 Aegyptum
504 2586 551 2624 ad
580 2586 764 2626 Proteum
801 2599 931 2639 regem
962 2600 982 2627 a
1013 2587 1204 2627 Mercurio
1242 2587 1406 2627 delatam
1438 2599 1542 2634 esse,
1586 2600 1702 2638 quam

190 2649 384 2691 Menelaus
414 2663 435 2691 a
466 2651 579 2694 Troia
615 2668 793 2696 reversus
824 2662 862 2697 et
890 2656 929 2696 in
962 2656 1117 2697 easdem
1159 2669 1246 2697 oras
1277 2655 1476 2708 naufragio
1507 2654 1703 2708 proiectus

187 2717 379 2758 inveniret
409 2719 650 2774 domumque
679 2725 899 2765 reduceret:
944 2726 1061 2766 huius
1091 2727 1310 2777 argumenti
1341 2726 1489 2778 vulgari
1531 2726 1703 2779 opinioni

278 2861 303 2903 2)
329 2861 370 2895 cf.
397 2862 641 2898 Wilamowitz.
690 2866 753 2900 An.
780 2867 862 2901 Eur.
888 2879 918 2911 p.
940 2868 1000 2901 177
1029 2879 1078 2911 sq.
