1937 3315
816 169 1101 212 „18-

195 286 389 326 videretur
405 286 603 339 Aeginetis
640 311 648 313 ⁴
667 312 671 313 ν
700 293 922 327 narraverat
943 287 1046 327 enim
1064 288 1256 328 Pindarus
1279 288 1401 329 rixam
1420 286 1640 341 Delphicam
1665 287 1711 328 de

194 355 376 394 carnibus
406 355 585 394 obortam
602 378 668 402 —,
691 356 777 395 data
802 355 1003 395 occasione
1020 363 1131 407 poeta
1152 369 1231 395 non
1248 357 1281 395 is
1302 356 1534 412 palinodiam
1555 356 1711 407 quidem

194 422 378 470 condidit,
410 436 499 463 nam
527 429 671 463 certam
696 430 735 463 et
756 423 935 463 traditam
961 423 1188 464 memoriam
1211 430 1384 464 evertere
1405 423 1579 475 religiose
1603 436 1713 463 vere-

193 491 319 537 batur,
357 492 424 529 sed
455 497 494 530 et
524 491 650 530 verbis
680 493 824 530 refutat
853 491 958 530 illam
990 491 1301 531 criminationem
1333 505 1391 530 vv.
1425 491 1644 531 102-105
1676 498 1714 531 et

192 558 316 606 factis,
347 572 436 598 cum
459 558 756 611 Neoptolemum
793 559 971 599 laudibus
999 560 1133 600 efferat
1154 573 1210 599 vv.
1236 559 1403 599 31-54
1423 559 1517 600 item
1538 560 1713 612 inspersa

193 639 262 665 sua
285 627 508 665 defensione
541 639 597 665 vv.
622 626 689 666 48.
711 628 776 666 49.
838 627 1017 666 Ceterum
1040 640 1138 679 quae
1160 628 1207 666 de
1236 639 1279 666 ea
1308 639 1349 665 re
1371 627 1590 675 traduntur,
1621 627 1711 666 inde

197 694 292 733 mihi
309 694 482 733 laborare
499 693 689 741 videntur,
711 695 815 745 quod
834 700 953 734 totam
971 695 1284 735 criminationem
1302 694 1498 746 Aeginetis
1517 695 1714 745 tribuunt3

192 775 283 801 nam
315 762 347 801 si
378 762 598 801 sacerdotes
620 762 825 814 Delphicos
856 769 961 802 recte
992 764 1092 810 novi,
1124 763 1172 802 ab
1202 762 1249 802 iis
1277 762 1408 814 potius
1430 765 1623 814 (quamvis
1645 776 1712 802 oc-

192 829 305 869 cultis
337 831 500 869 fortasse
531 829 773 882 auctoribus)
804 842 983 870 rumores
1014 830 1068 870 illi
1090 829 1252 882 profecti
1283 835 1385 870 sunt.
1447 830 1515 870 His
1545 831 1639 884 ipsis
1671 831 1711 870 ni

191 898 302 937 fallor
332 905 535 950 permotus
567 898 759 938 Pindarus
791 899 1029 938 sacerdotem
1063 898 1291 950 Delphicum
1314 898 1556 950 Neoptolemi
1587 900 1710 939 inter-

154 1003 157 1005 ,
191 968 376 1006 sectorem
400 966 571 1006 uoniam
596 966 773 1006 nominat
790 990 843 994 —-
865 965 1120 1018 Ιῑῖαχαιρεὺς
1136 966 1315 1006 audiebat
1332 966 1559 1020 (Pherecyd.
1580 968 1706 1007 Schol.

191 1035 283 1073 Eur.
317 1035 383 1074 Or.
416 1035 540 1082 1654)
573 1057 622 1062 —-
660 1035 725 1073 sed
760 1034 938 1073 universe
971 1034 1094 1073 verbis
1126 1047 1224 1085 quae
1256 1040 1349 1073 sunt
1379 1030 1486 1088 ἀνὴρ
1516 1037 1712 1088 μαχαίρᾳ

191 1102 401 1153 significat3
430 1109 546 1153 atque
573 1102 606 1141 si
635 1102 681 1141 de
703 1100 945 1152 Neoptolemi
978 1107 1127 1140 tantum
1151 1103 1251 1139 fama
1274 1100 1388 1140 etiam
1408 1101 1602 1152 Aeginetis
1624 1115 1710 1141 cara

189 1169 384 1220 agebatur,
407 1182 477 1207 cur
496 1168 580 1207 eius
603 1175 770 1207 mortem
793 1180 870 1206 non
893 1167 1108 1218 Aeginetas,
1132 1169 1331 1215 Molossos,
1358 1174 1474 1208 totam
1499 1169 1710 1216 Graeciam,

190 1238 257 1277 sed
289 1237 457 1289 Delphos
488 1243 649 1288 questos
680 1249 764 1276 esse
797 1233 919 1275 dicit?

306 1305 369 1344 Sic
391 1307 469 1344 fere
492 1304 706 1345 Stesichori
737 1305 972 1357 exemplum,
1006 1304 1038 1343 si
1070 1305 1186 1344 modo
1219 1304 1375 1356 scripsit
1396 1303 1631 1356 palinodiam
1662 1305 1710 1344 ab

189 1374 358 1419 ,Helena‘
381 1379 583 1420 secretam,
616 1373 887 1425 explicandum
910 1387 994 1413 esse
1016 1372 1193 1412 arbitror.
1246 1373 1370 1424 Atque
1392 1374 1562 1424 perfecto
1592 1372 1708 1412 etiarn

189 1443 344 1494 dempta
366 1441 533 1481 Helenae
564 1441 742 1493 exemplo
773 1442 804 1481 si
833 1454 949 1493 quam
972 1442 1091 1481 libero
1113 1440 1256 1480 indicio
1279 1440 1525 1480 Stesichorus
1549 1440 1706 1481 traditas

191 1511 337 1549 fabulas
369 1516 586 1549 commutet
616 1510 805 1557 videmus,
837 1510 873 1548 id
905 1523 993 1549 eum
1016 1511 1154 1549 secisse
1185 1510 1291 1548 nullo
1322 1510 1538 1559 aequalium
1562 1510 1711 1560 impro-

191 1578 305 1618 bante
339 1577 395 1617 vel
425 1577 679 1629 impugnante
710 1577 805 1617 adeo
837 1590 915 1617 non
947 1577 1115 1618 credilile
1147 1584 1218 1625 est,
1252 1585 1305 1624 ut,
1339 1582 1446 1629 puto,
1478 1576 1553 1617 nisi
1584 1577 1711 1617 trade-

190 1653 298 1685 retur
321 1653 410 1684 nota
433 1645 596 1684 historia
617 1646 691 1691 illa,
713 1652 917 1695 quaereret
937 1645 1051 1684 hodie
1072 1657 1282 1691 nonnemo,
1305 1658 1384 1695 quo
1403 1645 1558 1684 tandem
1582 1645 1711 1684 animo

188 1713 291 1753 illius
321 1712 458 1752 aetatis
491 1711 669 1752 homines
704 1718 780 1752 tam
812 1711 985 1751 inaudita
1016 1711 1247 1764 acceperint.

299 1782 487 1832 Aeschylo
520 1781 663 1819 mirum
685 1786 877 1831 quantum
909 1780 1074 1819 similior
1096 1780 1308 1819 Stesichori
1339 1787 1476 1819 natura
1498 1780 1573 1819 fuit
1595 1781 1709 1819 Euri-

187 1850 307 1902 pides,
346 1849 456 1888 cuius
496 1847 663 1887 maxime
701 1847 922 1887 auctoritati
957 1847 1246 1888 attribuendum
1289 1854 1348 1888 est
1385 1848 1570 1888 iudicium
1606 1848 1707 1900 quod

188 1917 469 1970 posterioribus
493 1915 733 1967 temporibus
756 1915 801 1954 de
824 1915 990 1954 Helenae
1013 1915 1188 1954 moribus
1210 1916 1427 1960 ferebaturz
1459 1923 1498 1955 et
1519 1916 1707 1955 hactenus

188 1993 292 2026 recte
323 1984 509 2025 Lehrsius
541 1983 726 2024 iudicium
760 1982 853 2022 illud
885 1983 931 2023 ad
960 1983 1173 2035 tragoedias
1204 1984 1366 2024 rettulit.
1429 1984 1504 2024 Sed
1532 1984 1571 2023 in
1594 1984 1709 2024 Euri-

186 2055 275 2107 pide
307 2053 508 2092 difticilins
540 2052 781 2103 dignoscitur
810 2064 907 2103 quae
938 2058 978 2091 et
1008 2051 1134 2103 qualia
1165 2052 1372 2104 opprobria
1396 2052 1619 2092 Stesichoro
1641 2053 1709 2092 de-

186 2125 362 2170 beantur,
394 2122 497 2174 quod
528 2122 566 2160 in
599 2121 671 2161 hoc
699 2132 839 2171 genere
860 2119 1063 2172 Euripides
1084 2120 1166 2172 ipse
1187 2126 1386 2160 auctorem
1408 2120 1522 2173 longe
1543 2132 1705 2173 supera-

185 2193 262 2231 bat.
303 2192 449 2229 Tamen
472 2202 518 2227 ex
535 2188 718 2227 conviciis
735 2187 914 2239 plurimis
931 2188 971 2226 in
988 2188 1091 2226 illam
1114 2187 1309 2238 congestis
1331 2189 1703 2228 commemoratione

187 2260 286 2299 haud
315 2259 394 2297 scio
425 2270 473 2296 an
496 2256 656 2307 dignum
679 2256 741 2303 sit,
773 2268 852 2294 non
882 2256 1008 2295 solum
1029 2254 1249 2307 Iphigeniae
1272 2262 1450 2303 mortem,
1482 2257 1586 2308 quod
1608 2269 1703 2296 con-

185 2333 416 2366 sentaneum
439 2330 509 2370 est,
534 2324 698 2362 Helenae
720 2323 873 2362 crimini
896 2323 978 2362 dari
1000 2323 1072 2370 (El.
1099 2323 1219 2362 1027.
1241 2323 1325 2375 Iph.
1348 2324 1391 2362 T.
1415 2324 1452 2363 8.
1476 2323 1570 2364 356.
1594 2324 1705 2373 566.)

185 2392 250 2432 sed
283 2392 413 2438 etiam,
445 2391 546 2443 quod
581 2403 656 2430 non
692 2397 766 2431 tam
801 2390 838 2430 in
867 2391 1071 2443 propatulo
1101 2397 1195 2438 erat,
1226 2390 1385 2430 Achillis
1406 2392 1706 2444 praeclarissimi

186 2463 255 2501 viri
278 2462 449 2500 obitum:
481 2460 599 2499 Andr.
623 2460 716 2499 248.
747 2461 835 2500 Hec.
859 2461 953 2500 265.
976 2460 1032 2499 El.
1056 2461 1149 2499 479.
1208 2461 1313 2500 Adeo
1335 2461 1541 2512 opprobria
1563 2473 1704 2500 cumu-

183 2530 247 2574 lat,
290 2535 331 2568 ut
365 2528 506 2567 Ledam
548 2532 710 2566 matrem
747 2534 786 2567 et
816 2529 994 2568 Castores
1032 2529 1170 2567 fratres
1200 2528 1348 2580 pudore
1378 2527 1481 2569 illius
1511 2528 1705 2581 nequitiae

183 2603 386 2648 superatos
411 2601 575 2635 mortem
606 2595 678 2633 sibi
700 2597 944 2643 conscivisse,
967 2597 1070 2636 illam
1094 2596 1230 2648 laqueo
1252 2596 1323 2635 hos
1345 2594 1468 2648 gladio
1489 2594 1590 2646 (Hel.
1611 2593 1703 2632 135.

186 2662 295 2710 142),
338 2669 512 2709 enarret3
552 2663 750 2703 inventum
792 2666 1014 2705 Stesichoro
1051 2676 1212 2717 prorsus
1248 2664 1465 2716 indignum.
1540 2660 1705 2700 Exhibet

182 2731 277 2769 haec
309 2730 518 2782 opprobria
548 2731 585 2769 in
620 2731 774 2779 Helena,
806 2734 908 2784 quod
941 2732 1145 2772 eonsilium
1178 2745 1265 2772 cum
1299 2743 1454 2772 summa
1484 2728 1704 2780 argumenti

181 2799 288 2838 valde
310 2798 513 2851 diserepan
522 2798 568 2838 tis
590 2798 714 2851 lepide
732 2801 923 2841 conflavit.
953 2801 1134 2840 Proxime
1151 2798 1196 2837 ad
1216 2798 1483 2838 Stesichorum
1503 2799 1564 2846 (fr.
1579 2796 1645 2844 26,
1659 2798 1700 2846 5)

181 2867 328 2906 accedit
350 2868 386 2906 in
412 2867 477 2907 Or.
505 2866 631 2906 1306:
655 2865 734 2906 τάν
755 2863 1038 2918 λιποπάιορα
1062 2864 1312 2918 λιπόγαμόν
1331 2865 1395 2912 θ’,
1419 2866 1521 2905 sicut
1541 2865 1701 2905 omnino
