1937 3315
829 177 1122 218 ..12-

217 293 320 340 doto,
352 292 460 332 facile
490 292 724 346 perspicitur
754 293 988 346 comparatis
1019 306 1118 346 quae
1148 294 1194 334 de
1225 292 1304 333 fani
1333 293 1436 333 illius
1468 293 1545 334 situ
1566 295 1731 347 legimus

218 364 316 412 (cap.
352 359 469 411 112):
511 361 809 414 περιοικέουσι
842 359 892 401 δὲ
922 384 977 390 --
1009 362 1212 408 Φοίνικες
1249 359 1421 412 Τύριοι,
1454 359 1652 402 καλέεται
1683 362 1732 403 δὲ

217 425 240 468 ὁ
270 427 405 481 χῶρος
436 422 562 475 οὗτος
593 425 615 468 ὁ
648 424 849 475 συνάπας
877 426 1047 481 Τυρίων
1076 423 1387 481 στρατόπεδον.
1425 428 1516 468 Vide
1537 429 1730 470 levitatem

216 494 348 535 iudicii
386 507 523 535 eorum
563 495 629 547 qui
660 495 827 535 Helenae
856 496 1087 548 Paridisque
1124 496 1378 536 diversorium
1413 495 1617 536 Sidonium
1660 511 1731 550 pro

216 568 351 615 poetae
381 563 567 614 figmento
598 561 866 603 vendiderunt.
899 587 951 592 —-
983 564 1105 612 Addo,
1135 564 1238 615 quod
1269 569 1434 611 constat,
1472 564 1582 604 deam
1614 564 1729 606 istam

216 630 421 681 genitalem
465 635 503 669 et
539 629 799 669 obstetriciam
838 630 1088 671 Phoeniciam
1125 630 1255 682 potius
1294 632 1348 678 (et
1378 630 1573 683 Cypriam)
1613 646 1729 683 quam

215 697 454 750 Aegyptiam,
485 696 524 736 in
558 696 714 737 Graecia
745 698 933 738 coaluisse
964 698 1027 739 hic
1056 698 1134 738 illic
1164 710 1252 738 cum
1284 697 1403 738 Diana
1434 711 1567 738 earum
1599 712 1729 740 rerum

214 765 485 817 antiquissima
515 766 699 814 antistite,
732 767 836 806 unde
867 767 982 806 etiam
1005 767 1160 806 Phoebo
1191 766 1376 805 associata
1407 773 1467 806 est
1488 766 1663 807 Corinthi
1695 774 1733 808 et

215 832 461 881 Phaethonti,
503 833 663 873 solariae
692 847 893 887 personae,
931 834 970 873 in
1003 839 1131 874 vetere
1161 834 1288 873 fabula
1318 833 1604 887 Euripidea¹⁵);
1635 848 1732 886 quae

216 901 393 941 confusio
428 901 623 953 imprimis
662 902 866 953 perspicua
904 907 963 941 est
992 901 1032 940 in
1064 902 1201 948 Attica,
1239 900 1306 939 ubi
1337 900 1423 951 pagi
1453 900 1732 941 Athmonensis

217 969 285 1008 dea
306 981 413 1008 nunc
428 968 572 1016 Venus,
596 968 727 1017 (Paus.
749 969 777 1016 I,
804 970 866 1016 14,
890 968 945 1020 6),
967 980 1073 1008 nunc
1094 967 1214 1007 Diana
1235 972 1484 1019 nuncupatur
1506 967 1571 1017 (ib.
1591 967 1657 1016 31,
1676 968 1731 1019 3),

218 1037 283 1076 ubi
299 1037 430 1076 Venus
453 1037 661 1088 Genetyllis
690 1036 843 1075 Coliade
866 1037 968 1075 culta
992 1048 1131 1075 canum
1157 1036 1330 1087 symbolo
1355 1035 1518 1075 Hecatae
1550 1036 1733 1076 similitu-

218 1104 348 1145 dinem
370 1116 462 1157 prae
486 1116 526 1143 se
547 1105 623 1143 fert
653 1104 716 1152 (cf.
738 1102 901 1156 Hesych.
933 1116 962 1143 s.
985 1103 1050 1156 v.),
1082 1103 1161 1152 ubi,
1192 1103 1296 1156 quod
1326 1102 1494 1143 maxime
1524 1103 1602 1144 huc
1630 1104 1733 1154 facit,

216 1173 392 1212 Nemesis
421 1171 680 1219 Rhamnusia,
713 1171 857 1210 Oceani
887 1172 980 1219 filia,
1019 1172 1221 1211 Castorum
1255 1171 1497 1223 Helenaeque
1535 1172 1734 1213 memoriis

214 1239 445 1292 propinqua,
476 1238 732 1291 Aethiopibus
763 1238 925 1290 appictis
954 1238 1116 1290 insignis
1147 1246 1186 1279 et
1214 1238 1373 1278 Veneris
1404 1238 1542 1279 similis
1573 1245 1633 1279 est
1662 1252 1733 1280 ne-

217 1323 292 1360 que
332 1322 352 1348 a
383 1307 598 1348 Brauronio
628 1307 907 1359 Amarysioque
945 1320 1085 1359 magno
1116 1307 1278 1347 numine
1309 1308 1556 1347 secernenda.
1616 1309 1737 1348 Acce—

217 1376 316 1416 dunt
353 1375 455 1415 illius
498 1386 587 1414 cum
618 1374 818 1428 Iphigenia
855 1374 1175 1423 necessitudines,
1207 1380 1245 1414 et
1275 1374 1314 1414 in
1345 1374 1470 1414 Attica
1501 1375 1736 1429 Boeotiaque

218 1458 283 1484 ora
313 1450 352 1483 et
383 1446 422 1484 in
454 1444 581 1483 Leuce
611 1444 737 1483 insula
770 1443 1016 1490 manifestae3
1048 1456 1164 1494 porro
1196 1443 1363 1495 Chrysae
1393 1456 1552 1491 nomen,
1592 1458 1669 1495 quo
1698 1451 1738 1484 et

218 1512 337 1552 Diana
368 1511 574 1563 praecellet
603 1510 643 1549 in
665 1510 905 1562 Hellesponti
926 1510 1081 1561 regione
1103 1516 1142 1549 et
1161 1510 1291 1549 Venus
1311 1510 1556 1562 peculiariter
1577 1517 1737 1551 vocatur

218 1592 308 1620 cum
340 1578 546 1618 Homerica
584 1584 682 1626 tum,
723 1583 765 1617 ut
801 1577 946 1617 Lucani
986 1578 1178 1617 scholium
1220 1578 1343 1626 docet,
1381 1578 1628 1631 Aegyptiaca3
1659 1592 1736 1631 quo

220 1647 451 1698 cognomine
505 1646 608 1697 quod
653 1645 885 1684 Theocritus
936 1645 1150 1684 insolitiore
1195 1657 1304 1684 more
1348 1645 1533 1685 Helenam
1579 1653 1739 1686 exornat

218 1715 367 1763 (XVIII,
390 1713 462 1766 28)
493 1714 533 1753 in
564 1726 610 1753 eo
642 1712 827 1760 carmine,
859 1712 922 1752 cui
955 1712 1197 1753 Stesichorea
1228 1712 1416 1753 nonnulla
1448 1713 1623 1766 inspersa
1653 1727 1737 1754 esse

217 1788 366 1835 veteres
397 1787 611 1830 testantur,
643 1793 693 1821 ne
723 1780 762 1819 id
793 1780 951 1832 quidem
982 1780 1090 1833 parvi
1119 1780 1311 1833 penderis.
1343 1803 1398 1810 —-
1429 1780 1530 1821 Haec
1551 1794 1620 1822 cur
1641 1794 1736 1823 con-

218 1852 373 1891 tulerim
406 1850 537 1890 statim
568 1848 781 1902 apparebit.

330 1917 506 1958 Potuerit
536 1917 780 1958 Stesichorus
812 1918 843 1957 si
866 1917 1051 1957 Helenam
1082 1917 1122 1956 in
1143 1917 1315 1970 Aegypto
1346 1918 1530 1958 abscondi
1560 1919 1735 1968 faciebat,

217 1999 295 2026 non
335 1992 412 2025 tam
447 1985 692 2025 Homericam
728 1985 896 2025 fabulam
936 1985 1171 2032 adhibuisse,
1212 1997 1329 2036 quam
1360 2009 1414 2013 —-
1444 1986 1548 2037 quod
1578 1986 1735 2038 quidem

216 2067 402 2106 quaerere
439 2053 530 2093 licet
559 2077 613 2081 —
643 2052 841 2105 propriam
879 2053 1045 2105 aliquam
1085 2058 1123 2092 et
1164 2052 1415 2093 domesticam
1447 2053 1737 2107 deprompsisse

217 2123 459 2162 memoriam.
520 2122 569 2161 Et
604 2123 778 2174 profecto
816 2121 933 2160 huius
973 2120 1124 2172 generis
1164 2120 1271 2168 mihi,
1310 2121 1386 2160 nisi
1423 2122 1574 2173 egregie
1613 2122 1736 2169 fallor,

217 2203 302 2231 sese
331 2189 538 2242 vestigium
570 2189 711 2229 obtulit
730 2189 907 2241 quamvis
930 2188 1188 2229 obliteratum.
1229 2188 1321 2229 Jure
1342 2189 1602 2238 offenderunt,
1633 2189 1737 2242 quod

218 2259 411 2311 Odysseae
441 2264 576 2310 poetae
607 2270 696 2297 cum
727 2257 803 2296 iam
825 2258 1041 2310 Aegyptum
1069 2263 1226 2305 terram,
1257 2257 1401 2305 Nilum,
1432 2258 1604 2297 Pharum
1626 2259 1738 2298 insu-

216 2327 292 2367 lam
325 2325 478 2379 cognita
508 2325 687 2373 habeant,
719 2331 849 2365 tamen
880 2324 917 2364 id
949 2324 1053 2377 quod
1084 2323 1251 2364 maxime
1280 2324 1430 2377 insigne
1461 2337 1504 2365 ea
1535 2337 1601 2365 ora
1622 2324 1739 2366 habet

216 2408 260 2436 ac
281 2396 394 2448 plane
415 2394 620 2445 singulare,
644 2393 743 2433 delta
765 2399 913 2445 septem
937 2392 1126 2432 ostiorum
1149 2393 1256 2432 nullo
1276 2393 1394 2432 verbo
1415 2400 1736 2434 commemorant.

216 2464 300 2503 Jam
338 2463 442 2514 legas
481 2467 599 2514 caput
633 2461 727 2501 illud
763 2461 865 2500 haud
903 2460 1101 2500 indoctum
1134 2461 1181 2500 de
1210 2461 1434 2502 inventione
1464 2461 1735 2502 Bucolicorum

217 2530 319 2583 quod
362 2530 402 2569 in
448 2528 648 2569 codicibus
686 2527 953 2580 compluribus
993 2528 1205 2580 praefixum
1248 2534 1307 2568 est
1345 2528 1537 2569 Bucolicis
1570 2528 1736 2577 Graecis,

218 2600 385 2649 (Ahrens
402 2598 483 2637 Vol.
505 2598 538 2637 II
565 2610 602 2649 p.
626 2598 663 2636 4.
697 2596 854 2648 Ziegler.
887 2595 977 2635 Cod.
1005 2596 1183 2636 Ambros.
1213 2597 1346 2636 scholl.
1377 2597 1418 2636 in
1435 2597 1597 2637 Theocr.
1618 2610 1655 2649 p.
1677 2597 1737 2648 1);

216 2667 328 2708 cuius
358 2665 551 2720 posterior
580 2678 671 2718 pars
701 2665 795 2705 haec
825 2664 959 2704 habet:
991 2661 1117 2705 ἄλλοι
1141 2663 1189 2705 δὲ
1210 2663 1256 2705 ἓν
1277 2661 1515 2720 Τυνδαρίδι
1536 2661 1738 2711 Σικελίας

215 2735 399 2788 πρῶτον
423 2729 620 2787 ἀχθῆναι
655 2730 867 2786 (ᾇσθῆναι
900 2733 945 2772 ci.
970 2733 1167 2781 Schaefer)
1198 2731 1373 2783 λέγουσι
1403 2732 1459 2773 τὰ
1488 2729 1736 2785 βουκολικά.

329 2882 372 2924 ¹⁶)
390 2892 421 2915 v.
438 2881 704 2915 Wilamowitzii
718 2880 926 2924 praeclaram
945 2879 1257 2913 commentationem
1275 2879 1385 2912 Herm.
1400 2876 1521 2913 XVlll.
1540 2887 1570 2921 p.
1585 2877 1650 2910 396
1667 2886 1737 2924 sw-
