1937 3315
830 138 1121 177 -16-

208 255 248 295 in
266 254 463 294 simillima
480 254 707 293 condicione
723 260 812 293 ante
830 254 963 293 oculos
980 259 1164 305 posuerat
1179 266 1253 304 qua
1271 266 1376 293 nunc
1393 254 1522 305 posuit
1534 254 1732 296 Helenam.

208 322 539 375 Theoclymenum
562 327 691 363 autem
714 321 818 362 unde
841 321 1065 374 sumpserit,
1087 321 1294 362 incertum.
1326 321 1437 362 Certe
1455 320 1573 362 huius
1589 334 1732 365 nomen

208 391 309 431 inter
325 391 457 430 Protei
478 391 577 430 filios
598 391 789 429 immanes
812 396 850 430 et
871 396 915 429 ut
935 390 1168 442 Euripideus
1189 390 1251 429 ille
1273 392 1324 440 (v.
1344 389 1442 441 480)
1461 385 1733 439 ξενοκτόνους

208 459 414 512 (Lycophr.
439 458 518 499 125
550 459 657 499 Eust.
689 458 729 498 in
761 458 917 511 Dionys.
940 458 1064 510 Prieg.
1088 457 1186 509 259)
1217 469 1296 497 non
1326 457 1541 509 legum-²¹).
1602 458 1731 506 Quare

208 532 450 567 monuerunt
477 527 524 566 de
544 526 831 578 Theoclymeno
863 531 948 565 vate
969 525 1109 577 Argivo
1131 524 1220 574 (Od.
1242 537 1265 564 o
1290 524 1398 573 182),
1430 524 1503 564 etsi
1523 524 1729 577 Euripides

208 595 338 636 Protei
359 602 537 636 naturam
562 594 868 647 praesagientem
890 606 968 634 non
991 593 1276 646 Theoclymeno
1298 605 1382 641 suo,
1405 592 1472 633 sed
1495 593 1620 633 sorori
1642 599 1729 634 tan-

210 664 413 704 tummodo
436 663 587 711 indidit,
609 675 687 715 quo
709 662 934 703 discrimine
955 661 1079 714 lepide
1102 662 1235 702 utitur.
1289 660 1454 701 Vocatur
1474 661 1548 702 hoc
1567 662 1726 703 nomine

205 732 272 783 qui
289 731 514 783 ceteroquin
527 731 817 783 Periclymenus
834 730 942 770 audit
953 731 1067 770 heros
1080 730 1300 777 Thebanus,
1313 730 1350 769 in
1367 729 1601 781 Sophocleae
1614 730 1728 770 Anti-

204 811 325 850 gonae
347 798 553 851 hypothesi
574 799 711 847 altera,
734 798 838 850 quod
860 798 1017 849 quidem
1039 810 1059 837 a
1079 797 1329 847 Roberto²¹²)
1353 809 1460 836 mero
1481 797 1727 837 librariorum

209 865 332 905 errori
354 865 552 905 tribuitur.
613 866 661 905 At
683 865 780 904 mire
811 866 961 913 accidit,
993 866 1096 916 quod
1120 871 1281 916 uterque
1302 870 1452 916 patrem
1476 864 1590 904 habet
1611 864 1727 905 deum

207 932 416 980 marinum,
448 939 486 972 et
516 933 633 984 quod,
665 933 732 985 qui
764 933 901 973 tertius
933 933 1009 972 huc
1039 933 1139 980 facit,
1170 932 1301 984 Pylius
1331 932 1393 971 ille
1424 931 1726 984 Periclymenus,

207 1001 255 1041 ab
275 1000 524 1053 Euphorione
553 1003 599 1039 fr.
624 1001 676 1040 77
695 1001 743 1040 M.
775 1013 864 1041 cum
887 1000 1027 1040 Proteo
1049 1005 1308 1052 comparatus,
1341 1000 1443 1039 sicut
1463 999 1525 1039 ille
1546 1000 1726 1040 facultate

206 1069 405 1122 praeditus
437 1074 497 1108 est
527 1068 565 1107 in
597 1068 811 1120 quamlibet
843 1070 1006 1107 formam
1038 1080 1078 1107 se
1109 1066 1387 1106 commutandi.
1420 1090 1474 1094 —

326 1137 381 1175 Ad
400 1136 566 1175 fabulam
583 1135 747 1175 Helenae
765 1136 861 1175 mire
878 1141 1055 1175 novatam
1074 1148 1093 1174 a
1106 1134 1326 1174 stesichoro
1344 1147 1415 1174 nec
1430 1134 1513 1186 ipse
1525 1134 1727 1186 Euripides

206 1204 430 1256 ceteroquin
463 1216 533 1244 nec
563 1203 798 1256 posteriores
829 1209 1095 1256 respexerunt.
1156 1203 1280 1243 Immo
1311 1215 1426 1243 nemo
1457 1208 1524 1242 aut
1553 1208 1641 1255 post
1660 1209 1728 1243 aut

205 1278 317 1311 antea
347 1272 458 1324 plura
488 1271 528 1310 in
560 1271 760 1310 heroinam
792 1270 962 1310 convicia
993 1269 1189 1320 congessit
1210 1281 1327 1320 quam
1349 1269 1628 1321 Euripides22).
1679 1270 1727 1309 Et

206 1339 371 1379 Helenae
393 1339 548 1392 quidem
572 1339 902 1392 pulchritudinem
933 1338 973 1377 in
1005 1337 1125 1390 epicis
1156 1336 1394 1377 carminibus
1417 1337 1598 1389 effulgere
1619 1336 1725 1377 vide-

207 1420 294 1447 mus
325 1406 442 1447 nullis
473 1406 719 1446 contumeliis
741 1407 1016 1453 deformatam3
1047 1405 1087 1444 in
1110 1405 1246 1444 Paride
1277 1405 1404 1444 omnis
1426 1418 1525 1445 noxa
1546 1405 1724 1458 ponitur3

206 1481 245 1515 et
275 1475 378 1527 quod
411 1475 555 1514 Helena
587 1488 628 1514 se
659 1475 798 1514 abduci
829 1474 1060 1526 patiebatur,
1091 1473 1191 1512 Iovis
1222 1473 1257 1512 id
1290 1473 1450 1513 consilio
1480 1479 1596 1525 atque
1619 1496 1671 1502 —-
1694 1473 1727 1513 si

207 1543 372 1583 Graecos
400 1542 581 1582 audimus
602 1565 655 1569 ——
678 1541 864 1582 beneficio
885 1543 1028 1581 factum
1052 1546 1122 1580 est.
1185 1538 1248 1579 Sic
1269 1552 1309 1579 se
1331 1552 1392 1580 res
1414 1540 1529 1580 habet
1548 1540 1589 1580 in
1609 1540 1724 1580 Iliade

205 1618 244 1651 et
276 1612 458 1663 Odyssea,
490 1611 529 1649 in
552 1610 713 1662 Cypriis,
751 1623 822 1650 nec
842 1610 1083 1661 Aethiopidis
1113 1614 1180 1648 aut
1206 1608 1334 1647 Iliadis
1365 1621 1502 1660 parvae
1532 1615 1721 1655 auctores,

207 1678 308 1719 sicut
337 1678 528 1731 applicare
559 1690 600 1717 se
632 1678 677 1717 ad
701 1677 915 1717 Homerum
947 1676 1140 1723 videntur,
1171 1674 1254 1714 ausi
1276 1675 1423 1715 fuerint
1451 1688 1542 1715 cum
1563 1675 1723 1716 Homeri

204 1747 434 1786 auctoritate
455 1747 493 1785 in
517 1746 741 1796 gravissima
763 1757 928 1797 persona
949 1744 1152 1783 iudicanda
1173 1756 1356 1795 pugnare.
1417 1744 1542 1795 Atque
1572 1744 1723 1784 etiamsi

206 1813 423 1866 episodium
445 1813 539 1852 illud
560 1812 802 1865 Iliupersidis
824 1813 870 1851 de
892 1812 1064 1851 Menelao
1086 1823 1176 1850 cum
1198 1810 1333 1850 stricto
1355 1810 1479 1862 gladio
1500 1810 1540 1850 in
1561 1823 1721 1851 uxorem

205 1887 399 1934 repertam
440 1880 609 1921 instante
640 1881 716 1921 iam
748 1880 788 1920 in
819 1880 934 1920 Iliade
965 1892 1080 1932 parva.
1109 1879 1238 1919 locum
1270 1878 1450 1919 habuerit
1480 1879 1532 1931 (v.
1563 1879 1721 1920 Robert.

204 1949 287 1988 Bild
310 1961 347 1988 u.
371 1948 463 1988 Lied
485 1961 522 2001 p.
541 1949 623 2000 77),
646 1948 850 1988 etiamtum
880 1947 936 1986 ira
957 1947 1118 1986 Menelai
1149 1959 1169 1986 a
1190 1946 1353 1998 coniuge
1381 1946 1531 1998 decepti
1551 1953 1590 1986 et
1610 1946 1722 1986 dere-

202 2016 283 2056 licti
313 2029 381 2068 per
411 2029 451 2056 se
483 2017 662 2056 nonnihil
692 2015 943 2056 consentanei
973 2015 1134 2055 haberet
1165 2016 1410 2067 multumque
1436 2015 1589 2055 abesset
1609 2015 1657 2054 ab
1676 2028 1721 2054 eo

202 2084 306 2135 quod
347 2083 595 2124 Stesichorus
636 2084 835 2123 narrabat:
877 2082 1102 2122 universum
1144 2082 1379 2121 Graecorum
1421 2083 1634 2122 exercitum
1675 2082 1722 2121 de

203 2151 345 2191 Helena
367 2152 602 2204 supplicium
624 2163 780 2191 sumere
802 2149 980 2189 voluisse.
1043 2149 1144 2189 Haec
1164 2163 1255 2201 ergo
1276 2149 1444 2189 innocua
1465 2150 1567 2202 apud
1588 2150 1718 2202 epicos

203 2219 371 2259 Helenae
407 2219 570 2259 indoles.
629 2218 834 2271 Aliquanto
867 2217 1063 2257 diversum
1093 2218 1140 2257 ab
1172 2231 1215 2258 ea
1249 2224 1378 2258 mente
1399 2217 1629 2270 Aeschylum
1660 2217 1722 2257 in-

203 2288 394 2329 venimus.
455 2288 700 2340 Quamquam
732 2287 834 2339 apud
865 2286 972 2326 hunc
1001 2299 1155 2338 quoque
1177 2286 1327 2327 Paridis
1359 2286 1472 2339 culpa
1492 2287 1587 2327 adeo
1607 2298 1721 2338 prae-

202 2356 313 2403 valet,
346 2362 390 2395 ut
422 2355 543 2395 teneri
564 2360 717 2407 poetam
739 2354 990 2393 vehementer
1011 2355 1164 2394 illorum
1188 2354 1375 2407 exemplis
1397 2354 1628 2394 obstrictum
1652 2367 1722 2406 ap-

201 2429 346 2476 pareat.
378 2423 591 2475 Postquam
609 2428 771 2474 questus
789 2428 848 2462 est
864 2422 1006 2462 chorus
1024 2423 1173 2463 Suadae
1185 2421 1236 2474 ²⁸)
1253 2422 1518 2475 importunam
1535 2422 1627 2470 vim,
1644 2435 1721 2473 qua

201 2491 311 2531 Paris
333 2491 500 2531 Helenae
523 2491 761 2530 voluntatem
784 2489 920 2529 vicerit
940 2490 1025 2541 (Ag.
1043 2490 1154 2538 369),
1186 2490 1294 2529 Paris
1315 2491 1398 2542 ipse
1418 2490 1631 2537 incusatur,
1654 2489 1721 2541 qui

201 2559 361 2612 hospitii
382 2558 628 2599 sanctitatem
652 2557 802 2598 violarit
822 2557 953 2609 (388),
983 2563 1022 2598 et
1042 2570 1113 2610 pro
1133 2558 1309 2610 exemplo
1331 2557 1563 2611 proponitur
1583 2569 1718 2598 eorum

289 2663 331 2704 ²¹)
356 2661 512 2705 Apollod.
539 2660 566 2694 ll
591 2661 716 2702 59,14.
768 2661 933 2706 Lycophr.
959 2661 982 2694 l.
1000 2672 1026 2693 c.
1045 2671 1117 2693 cum
1142 2661 1261 2694 scholl.

289 2721 349 2762 21η)
376 2719 497 2752 Philol.
524 2718 659 2751 Uuters.
687 2718 716 2751 V
743 2718 832 2759 (ffild
859 2719 924 2750 und
951 2718 1046 2758 Lied)
1073 2729 1101 2760 p.
1121 2717 1160 2751 21
1188 2718 1299 2750 adnot.
1320 2718 1372 2750 19.

290 2777 331 2818 ²²)
358 2786 499 2819 quorum
525 2774 729 2816 florilegium
754 2775 846 2808 dedit
870 2774 986 2808 Lehrs.
1014 2774 1131 2817 Popul.
1158 2773 1253 2807 Aufs.
1278 2785 1309 2817 p.
1327 2774 1381 2807 24.

290 2835 332 2873 ²³)
357 2825 483 2866 Πειθώ
508 2833 609 2865 etiam
636 2833 669 2864 in
696 2832 854 2864 Hieronis
882 2832 1019 2865 vasculo
1045 2832 1140 2864 adest
1165 2836 1294 2873 raptum
1318 2831 1463 2863 Helenae
1489 2830 1651 2862 adiuvans
