1937 3315
815 202 862 206 --.
932 179 985 218 82
1050 203 1100 206 --

202 295 347 346 quippe
395 307 489 346 quas
536 296 616 347 ipsa
662 294 790 334 fabula
838 294 1049 346 praeberet.
1133 294 1292 334 Furiam
1345 294 1474 345 potius
1522 297 1717 347 respicias.

199 363 462 415 Sarcophagos
495 370 624 403 autem
658 363 991 403 Graecoromanos
1025 369 1063 403 et
1092 362 1137 402 ab
1171 363 1330 402 Etrusca
1364 362 1538 402 barbarie
1570 376 1711 403 vacuos

200 432 362 472 minime
393 432 589 472 abundare
623 432 726 471 vides
750 432 975 472 huiusmodi
998 432 1267 479 daemonibus,
1300 444 1397 484 quos
1419 431 1605 472 adhibent
1629 444 1716 472 vasa

201 500 369 548 juniora,
394 501 614 553 quibusque
636 500 854 540 abutuntur
877 501 1040 541 Etrusci.
1089 501 1211 540 Immo
1235 505 1396 552 excepto
1418 500 1496 547 illo,
1518 512 1595 551 quo
1616 499 1719 539 Pen-

200 569 313 608 theus
353 582 372 608 a
410 569 569 608 Bacchis
608 569 784 620 direptus
824 570 1066 621 depingitur,
1118 569 1176 607 vix
1216 568 1371 607 Furiam
1424 568 1515 607 mihi
1562 567 1715 607 obviam

203 636 324 677 fuisse
348 636 583 684 memini2‘3).
645 636 770 684 Quam
794 637 832 677 iu
857 638 1038 683 fabulam,
1072 637 1141 676 etsi
1166 637 1213 676 de
1237 637 1471 677 Baccharum
1495 636 1627 677 furore
1649 649 1718 689 per

200 719 242 744 se
267 712 430 747 constat.v
458 705 710 745 memorabile
733 713 791 745 est
814 706 860 745 ab
878 707 1064 758 Aeschylo
1086 706 1286 745 inductam
1310 718 1396 744 esse
1418 702 1605 744 Λύσσαν
1627 717 1713 755 per-

200 779 390 813 sonatam.
453 774 585 813 Simile
631 774 825 826 quoddam
870 775 907 813 in
947 774 1152 824 Meleagrea
1191 773 1318 813 fabula
1361 774 1500 812 evenit.
1561 773 1604 812 In
1644 786 1718 825 qua

195 839 366 895 Ἐρινύς
397 843 475 881 sive
508 842 723 894 antiquitus
747 850 876 895 partes
908 856 996 883 suas
1020 843 1164 891 habuit,
1196 842 1273 881 sive
1296 842 1457 881 fortuito
1480 841 1527 881 ab
1549 841 1718 880 Homero

204 910 359 951 inducta
393 917 451 951 est
485 924 561 950 uno
593 912 667 950 hoc
698 912 797 959 loco,
829 918 934 952 certe
956 911 1160 963 Euripides
1193 910 1413 963 exemplum
1447 909 1570 950 lliadis
1603 922 1719 950 usur-

206 992 319 1031 passe
350 980 551 1031 probabile
582 982 645 1026 tu,
678 981 708 1019 si
741 981 896 1019 Furiam
930 981 1065 1020 alicubi
1098 981 1293 1019 inductam
1325 981 1372 1019 ab
1403 980 1466 1018 illo
1498 980 1718 1018 ostendero.

210 1048 331 1094 Nam,
372 1055 412 1087 ut
434 1048 639 1087 Herculem
673 1049 819 1087 furoris
851 1049 1041 1088 daemone
1065 1046 1264 1100 (Λύσσᾳ)
1287 1048 1521 1098 exagitatum
1556 1047 1718 1094 mittam,

204 1117 376 1155 dramata
410 1117 509 1155 illius
541 1125 717 1155 accurate
750 1118 994 1168 perlustrans
1026 1118 1186 1163 nullum,
1222 1115 1285 1154 ubi
1312 1112 1478 1169 Ἐρινύς
1500 1117 1625 1155 locum
1650 1117 1717 1155 ha-

200 1185 330 1225 huerit
361 1190 508 1237 aptum,
540 1184 713 1224 invenies
747 1192 907 1237 excepto
942 1198 1018 1225 uuo
1040 1185 1243 1237 Meleagro.
1296 1184 1470 1237 Namque
1502 1184 1544 1224 ad
1569 1185 1719 1236 Vergilii

203 1254 249 1293 de
281 1254 396 1293 Furia
428 1252 544 1292 verba
578 1255 670 1293 Aen.
704 1254 780 1300 Vll,
815 1253 914 1292 335:

424 1328 461 1360 tu
496 1327 607 1373 potes
640 1322 845 1361 unanimos
877 1334 1029 1362 armare
1060 1323 1097 1361 in
1130 1323 1273 1374 proelia
1305 1326 1445 1361 fratres

421 1394 535 1440 atque
567 1389 663 1429 odiis
697 1402 847 1429 versare
880 1391 1026 1435 domos,
1060 1396 1101 1429 tu
1135 1390 1288 1429 verbera
1320 1390 1433 1429 tectis

418 1458 681 1508 funereasque
712 1458 855 1497 inferre
887 1461 1000 1503 facts
1033 1458 1122 1497 tibi
1156 1459 1351 1497 uomina
1386 1458 1512 1497 mille

204 1524 361 1564 Servius
400 1525 495 1565 haec
537 1526 715 1565 adnotat:
767 1540 819 1555 ¹—-
857 1527 1074 1566 secuudum
1112 1526 1356 1579 Euripidem,
1404 1526 1443 1565 iu
1490 1525 1598 1565 cuius
1637 1531 1717 1566 tra-

203 1594 339 1645 goedia
374 1594 464 1633 dicit
487 1594 601 1633 Furia
635 1609 675 1633 se
709 1608 785 1633 uon
819 1609 903 1635 esse
938 1597 1051 1634 unius
1082 1596 1300 1646 potestatis,
1332 1595 1399 1633 sed
1430 1607 1472 1633 se
1502 1594 1716 1640 fectunam‚

202 1676 243 1702 se
276 1662 484 1712 Nemesin,
521 1675 563 1701 se
596 1663 735 1707 latinu,
776 1678 816 1703 se
849 1677 932 1703 esse
966 1662 1258 1703 necessitatem”
1303 1664 1364 1711 (fr.
1402 1662 1502 1702 1011
1538 1661 1714 1709 Nauck).

202 1730 416 1769 Vocabatur
440 1732 557 1781 igitur
585 1728 712 1783 Τύχη,
735 1733 940 1784 Νέμεσις,
969 1734 1136 1785 Μοῖρα,
1156 1725 1409 1784 Ltv'ciynqw).
1447 1731 1494 1770 Et
1517 1730 1715 1781 Vergilius,

199 1798 264 1850 qui
296 1798 453 1849 quidem
488 1798 642 1849 triginta
666 1799 840 1839 versibus
861 1807 950 1839 ante
973 1799 1217 1851 Calydonium
1240 1799 1406 1839 fabulam
1431 1799 1574 1851 pluries
1596 1798 1714 1838 attin-

198 1866 263 1916 git,
298 1878 390 1904 num
427 1879 513 1904 vere
536 1866 764 1918 Euripidem
796 1868 1021 1918 respexerit,
1055 1879 1133 1905 nou
1167 1867 1348 1905 diiudico.
1407 1867 1562 1905 Furiam
1585 1872 1715 1905 autem

199 1947 217 1973 a
251 1934 383 1974 Servio
418 1940 586 1975 notatam
620 1935 658 1975 in
691 1942 848 1977 nostrae
882 1936 1097 1988 tragoediae
1128 1948 1282 1976 scenam
1322 1934 1514 1988 prodiisse
1556 1934 1717 1984 (scilicet

198 2003 425 2054 priusquam
459 2003 615 2043 Althaea
647 2005 821 2056 prodiret
853 2005 909 2044 vel
941 2010 1071 2056 parata
1104 2005 1150 2043 ad
1182 2004 1332 2043 facinus
1366 2004 1421 2043 vel
1443 2004 1518 2042 iam
1541 2007 1714 2043 referens

198 2075 483 2124 perpetratum)
516 2072 552 2112 id
586 2073 669 2113 iure
701 2087 787 2114 meo
820 2075 969 2126 colligo.
1002 2098 1054 2102 -
1086 2074 1165 2113 lam
1198 2087 1295 2125 quae
1328 2074 1577 2114 necessitudo
1614 2073 1716 2113 inter

199 2141 529 2192 sarcophagorum
554 2141 827 2193 Euripidisque
855 2142 1011 2181 Furiam
1045 2150 1081 2181 et
1113 2142 1342 2181 daemonem
1374 2142 1482 2181 illum
1513 2141 1716 2181 intercedit

199 2209 239 2248 in
272 2210 371 2248 vasis
403 2210 525 2248 semel
547 2211 708 2261 pictum,
732 2212 852 2250 semel
876 2220 917 2249 ut
938 2211 1116 2263 suspicor
1137 2209 1356 2250 omissum?
1407 2211 1532 2251 Possit
1553 2210 1614 2250 ille
1636 2212 1715 2249 for-

200 2277 297 2316 tuito
328 2277 505 2329 appictus
527 2291 625 2326 esse,
660 2291 898 2332 quamquam
932 2291 979 2318 ue
1000 2278 1053 2318 illi
1076 2279 1230 2331 quidem
1254 2279 1465 2319 daemones
1496 2279 1536 2318 in
1557 2277 1714 2317 Medeae

199 2347 352 2385 vasculo
385 2346 583 2386 Canusino
617 2348 679 2396 (cf.
701 2348 794 2387 Eur.
818 2348 916 2387 Med.
941 2348 1052 2400 987),
1083 2348 1124 2388 in
1152 2349 1304 2401 Pelopis
1336 2348 1501 2389 vasculis
1533 2347 1599 2399 (cf.
1620 2346 1711 2392 Eur,

206 2402 273 2441 Or.
298 2403 435 2452 1547),
468 2402 549 2441 sine
581 2405 747 2455 quadam
782 2405 1002 2455 tragoediae
1034 2406 1260 2444 auctoritate
1294 2406 1384 2457 picti
1414 2418 1499 2445 esse
1520 2405 1712 2453 videntur,

198 2471 268 2510 Sin
300 2470 508 2523 Euripidea
534 2467 701 2524 Ἐρινύς
732 2472 958 2524 respicitur,
991 2474 1167 2526 quaestio
1200 2474 1291 2513 inde
1324 2487 1404 2514 uon
1436 2473 1628 2513 difficilior
1658 2473 1712 2519 lit,

197 2540 300 2590 quod
334 2537 506 2592 φθόνος
539 2541 697 2580 masculi
729 2541 883 2593 generis
916 2548 987 2581 est.
1047 2543 1187 2582 Mirum
1221 2543 1324 2583 enim
1354 2543 1553 2596 quoddam
1575 2541 1714 2582 accidit

313 2689 351 2730 ²⁸)
375 2690 469 2722 Jahn.
490 2689 657 2723 Pentheus
686 2692 747 2724 und
774 2692 826 2724 die
844 2692 1005 2725 M'auaden
1025 2691 1104 2726 Tab.
1118 2691 1171 2733 Ill,
1187 2703 1216 2724 a.
1258 2691 1425 2725 Nimirum
1444 2702 1507 2724 non
1526 2692 1566 2724 de
1580 2690 1713 2731 Aegisti

198 2753 231 2780 et
257 2746 447 2790 Iphigeniae
467 2748 631 2781 Tauricae
658 2750 875 2792 sarcophagis
902 2749 1032 2791 loquor,
1059 2750 1114 2781 ubi
1142 2761 1203 2782 non
1231 2760 1295 2782 una
1313 2749 1415 2782 Furia
1440 2754 1493 2781 est
1516 2749 1575 2781 sed
1599 2749 1712 2791 plures

197 2805 280 2836 illae
306 2813 387 2846 quas
413 2803 541 2836 diserte
566 2809 600 2836 et
625 2806 757 2847 copiose
784 2807 963 2838 induxerat
986 2807 1173 2848 tragoedia.

309 2864 350 2901 ²⁹)
371 2859 520 2904 Ἀνάγκη
546 2864 670 2895 duobos
697 2864 727 2895 iu
757 2864 905 2896 vasculis
931 2865 1021 2907 picta
1048 2865 1192 2905 videtur,
1225 2865 1255 2896 si
1280 2864 1411 2906 quidem
1436 2868 1528 2895 recte
1553 2864 1712 2905 leguntur

197 2919 422 2962 explenturve
455 2919 693 2961 inscriptiones
720 2919 807 2952 Mon.
843 2921 871 2952 d.
899 2921 926 2952 J.
947 2920 1028 2961 vlu,
1046 2921 1066 2952 9
1098 2920 1155 2960 (cf.
1181 2918 1309 2953 lioerte
1342 2921 1433 2952 Pers.
1462 2921 1491 2952 d.
1517 2920 1581 2953 Aff.
1607 2932 1636 2963 p.
1657 2923 1710 2961 79)

195 2976 364 3009 Benudorf
390 2976 533 3010 vasenb.
560 2976 641 3009 Tab.
662 2977 715 3018 36,
734 2978 762 3009 9.
