1937 3315
814 149 1103 189 -14-

195 262 290 303 illud
321 264 625 316 perpetrandum
655 263 785 303 inutili
821 270 991 304 veterem
1013 264 1181 317 aliquam
1211 265 1440 305 memoriam
1460 264 1580 306 latere
1599 278 1716 307 nemo

193 333 333 372 harum
364 344 497 371 rerum
527 332 676 384 peritus
706 344 786 371 non
817 332 940 380 videt;
979 332 1015 372 ei
1045 333 1214 373 maxime
1244 333 1311 384 qui
1340 332 1478 373 Furiae
1507 345 1715 385 personam

194 400 385 453 principio
415 414 436 441 e
467 400 587 441 Diana
617 399 774 440 fluxisse
805 407 1050 455 compertum
1082 401 1208 450 habet,
1239 414 1318 453 quo
1349 401 1648 442 demonstrando
1679 408 1716 443 te

195 468 338 508 morari
375 480 482 509 nunc
521 469 630 516 nolo,
669 468 833 508 dubium
875 482 954 509 non
990 470 1126 518 fuerit,
1161 469 1260 521 quin
1301 469 1432 509 rabida
1461 469 1524 509 illa
1554 469 1624 508 dea
1653 469 1716 508 hic

194 535 362 575 Helenae
393 536 570 588 opposita
601 537 663 576 sit.
706 536 775 576 His
806 537 989 578 omnibus
1021 538 1120 578 hene
1147 537 1349 589 perpensis
1380 536 1470 585 iam,
1501 542 1610 589 puto,
1640 536 1716 576 Ae-

198 603 349 656 gyptiae
379 603 538 643 Veneris
572 603 784 643 Helenaeve
822 604 1051 644 memoriam
1090 603 1266 657 quamvis
1302 603 1544 645 obliteratam
1584 603 1716 643 detor-

193 678 351 723 tamque
380 672 420 710 in
451 672 608 723 Magnae
639 672 819 711 Graeciae
849 673 977 712 fabula
1007 673 1070 712 illa
1101 673 1228 712 inesse
1258 673 1458 711 concedes.
1509 671 1603 710 Inde
1626 671 1715 710 Ste-

194 738 370 779 sichorus
412 738 680 791 compluribus
721 739 886 779 saeculis
924 746 1013 780 ante
1052 745 1185 792 utpote
1226 752 1246 778 e
1276 741 1382 779 fonte
1414 744 1508 779 tunc
1537 737 1712 778 nondum

194 806 334 846 obruto
363 812 517 858 poterat
545 806 715 845 haurire.

306 875 364 915 Ad
384 874 580 929 Euripidis
609 875 844 928 tragoediam
865 874 1146 915 revertentibus
1168 874 1280 915 nobis
1301 886 1397 914 num
1421 880 1464 915 ut
1485 885 1637 915 summa
1658 873 1715 914 rei

195 945 248 985 ita
266 945 416 996 singula
434 957 589 996 quoque
605 945 724 997 lyrico
740 944 794 984 illi
810 944 1025 984 debeantur
1039 950 1186 996 poetae,
1203 944 1412 983 videndum
1429 949 1500 983 est.
1524 943 1626 983 Num
1643 943 1666 982 J
1670 956 1715 983 u-

194 1025 298 1052 none
314 1012 471 1052 iubente
488 1018 526 1052 et
543 1012 735 1052 Mercurio
752 1013 848 1052 duce
863 1012 1047 1051 Helenam
1064 1011 1187 1063 abripi
1203 1011 1278 1051 iam
1296 1011 1357 1050 ille
1374 1009 1514 1051 finxit?
1536 1010 1714 1050 Duhnius

192 1086 380 1133 praeunte
411 1079 644 1131 Usenero¹⁶)
675 1080 713 1118 in
744 1080 922 1119 Mercurii
954 1079 1130 1131 partibus
1161 1079 1328 1118 multum
1360 1079 1492 1131 posuit
1521 1079 1711 1118 momenti

195 1149 330 1200 (nullis
367 1148 522 1200 quidem
563 1148 804 1198 argumentis
844 1148 1017 1198 conisus)
1048 1153 1163 1198 atque
1202 1160 1252 1186 ne
1281 1147 1410 1186 Paridi
1440 1146 1514 1199 ipsi
1543 1146 1713 1198 quidem,

193 1221 366 1256 vetustae
403 1221 442 1256 et
477 1215 684 1268 primariae
713 1215 754 1255 in
786 1215 951 1255 Helenae
983 1214 1108 1255 fabula
1139 1227 1338 1267 personae,
1377 1227 1573 1268 opponere
1602 1214 1711 1254 illum

196 1284 396 1324 dubitavit.
423 1284 473 1323 At
489 1289 593 1323 errat
613 1283 670 1322 vir
691 1284 828 1323 doctus
850 1289 1025 1334 uterque,
1046 1282 1085 1322 id
1112 1284 1228 1334 quod,
1252 1284 1316 1323 ubi
1332 1283 1419 1334 quis
1435 1283 1486 1322 sit
1502 1295 1589 1322 vere
1606 1282 1713 1321 Paris

196 1352 450 1404 perspexeris,
471 1351 636 1391 libenter
655 1352 843 1391 concedes
865 1352 916 1403 (v.
940 1364 976 1403 p.
1048 1353 1074 1399 ).
1120 1351 1171 1391 Ut
1191 1352 1322 1404 potius
1342 1351 1521 1390 Mercurii
1548 1363 1713 1402 persona

198 1420 313 1460 huius
352 1420 458 1460 modi
493 1420 657 1471 negotiis
694 1420 796 1459 inter
834 1419 927 1458 deos
963 1418 1210 1459 inservientis
1249 1418 1289 1458 in
1326 1418 1454 1458 fabula
1488 1418 1572 1471 ipsa
1607 1417 1715 1471 parvi

196 1488 388 1528 momenti
416 1493 487 1534 est,
518 1500 638 1539 quare
668 1488 773 1527 nulla
803 1500 919 1527 causa
947 1487 1065 1527 fuerit
1094 1486 1270 1539 Euripidi
1299 1499 1320 1525 a
1350 1486 1572 1526 Stesichoro
1602 1498 1711 1525 rece-

199 1556 328 1604 dendi,
367 1556 420 1595 ita
448 1555 614 1595 Junonis
652 1554 856 1595 consilium
895 1561 973 1595 tam
1012 1554 1178 1607 graviter
1214 1559 1348 1606 totque
1378 1553 1471 1593 locis
1501 1558 1660 1593 notatur
1689 1566 1709 1592 a

197 1630 323 1676 poeta,
356 1630 400 1664 ut
429 1624 489 1663 vel
508 1623 595 1663 ideo
618 1623 841 1664 Stesichoro
863 1623 1114 1663 tribuendum
1147 1623 1197 1663 sit
1218 1622 1293 1674 (vv.
1316 1622 1366 1661 31
1391 1634 1475 1674 sqq.
1498 1621 1592 1661 242.
1614 1620 1708 1661 238.

198 1692 292 1733 880.
335 1693 456 1731 1005.
500 1691 620 1731 1025.
666 1692 773 1731 1094
804 1694 926 1743 sqq.):
983 1691 1170 1731 Invidisse
1211 1691 1339 1730 Paridi
1378 1690 1518 1729 dicitur
1555 1689 1711 1729 Veneris

196 1759 411 1813 praemium
435 1759 504 1799 dea
524 1759 564 1799 in
585 1759 728 1800 iudicio
749 1759 847 1800 victa
869 1760 920 1812 (v.
939 1759 1035 1812 31.).
1085 1759 1134 1799 Et
1160 1772 1230 1799 cur
1250 1771 1329 1799 non
1351 1758 1559 1798 Minervam
1581 1757 1711 1810 potius

195 1828 403 1874 induxerit,
434 1840 620 1878 quaerere
651 1840 771 1878 paene
802 1828 971 1867 otiosum
1003 1833 1062 1867 est
1082 1827 1303 1878 respicienti
1323 1827 1416 1877 quid
1436 1826 1591 1865 intersit
1611 1826 1712 1864 inter

198 1894 404 1947 utriusque
445 1894 537 1935 deae
567 1893 780 1947 ingenium.
839 1894 918 1935 Nec
949 1907 1027 1935 non
1059 1893 1202 1935 Ixionis
1231 1893 1369 1941 fabula,
1401 1892 1468 1934 ubi
1496 1892 1598 1933 Juno
1628 1891 1712 1946 ipsa

196 1964 257 2013 (ut
293 1975 399 2002 nunc
434 1962 595 2012 Helena)
633 1963 737 2002 nube
776 1964 977 2014 amplexus
1016 1963 1199 2002 amatoris
1235 1962 1386 2009 fefellit,
1427 1966 1580 2013 praesto
1617 1967 1711 2000 erat.

195 2032 273 2073 Has
303 2032 350 2072 ad
378 2031 543 2071 Junonis
582 2037 711 2083 partes
741 2037 780 2072 et
809 2031 952 2072 laudati
987 2045 1123 2072 versus
1160 2031 1356 2085 pertinent
1385 2036 1424 2071 et
1452 2029 1519 2082 qui
1550 2036 1643 2070 sunt
1672 2029 1712 2069 in

196 2100 346 2148 Oreste,
388 2098 581 2152 tragoedia
621 2099 755 2152 paucis
795 2106 884 2153 post
922 2100 1107 2140 Helenam
1145 2099 1257 2140 annis
1297 2104 1392 2147 acta,
1433 2111 1466 2138 v.
1502 2097 1623 2146 1683,
1657 2120 1711 2125 -—

199 2168 387 2220 Apollinis
418 2168 534 2208 verba
565 2175 658 2208 sunt
687 2182 760 2208 —z

513 2232 682 2288 Ἑλένην
714 2238 843 2283 Δίοις
873 2233 1118 2289 μελάθροις
1149 2234 1329 2276 πελάσω

527 2300 741 2356 λαμπρῶν
770 2301 940 2356 ἄστρων
970 2302 1111 2344 πόλον
1141 2300 1363 2350 ἐξανύσας,

529 2367 644 2409 ἔνθα
673 2370 778 2424 παρ’
801 2367 934 2425 ”Ηρᾳ
962 2371 1014 2428 τῇ
1043 2371 1096 2410 θ’
1122 2368 1380 2424 Ἡρακλέους

513 2433 625 2492 Ἥβῃ
655 2436 873 2493 πάρεδρος
903 2438 1012 2487 θεὸς
1042 2433 1305 2492 ἀνθρώποις

529 2504 652 2546 ἔσται
683 2504 770 2546 κτλ.

194 2573 236 2614 in
266 2573 408 2625 quibus
437 2574 605 2614 Junonis
636 2575 795 2622 mentio,
838 2587 927 2614 cum
969 2574 1099 2627 potius
1131 2574 1261 2614 Venus
1292 2572 1517 2625 ceteroquin
1547 2572 1712 2611 Helenae

195 2643 322 2681 favere
354 2647 398 2705 et
426 2654 515 2682 cum
548 2654 592 2681 ea
622 2642 799 2682 connecti
829 2642 958 2691 soleat,
990 2654 1128 2694 parum
1160 2646 1419 2682 consentanea
1450 2646 1521 2688 est,
1557 2639 1634 2679 nisi
1663 2638 1710 2678 ad

195 2710 311 2749 istam
343 2715 558 2750 correctam
582 2709 766 2750 Helenam
797 2712 940 2750 referas
961 2723 982 2750 a
1002 2710 1149 2750 Venere
1177 2715 1365 2750 secretam
1388 2715 1427 2749 et
1447 2708 1521 2749 sub
1540 2706 1714 2747 numinis

194 2778 332 2817 Troiae
370 2778 539 2818 maxime
569 2778 700 2818 infesti
731 2779 849 2818 tutela
880 2779 1145 2818 constitutam.
1203 2778 1309 2818 ‚Iovis
1339 2783 1470 2818 autem
1501 2774 1711 2816 auctoritas

284 2865 324 2910 ²⁶)
351 2845 568 2900 Msss‘uhen.
593 2864 683 2907 xm,
709 2865 785 2897 356.
