1937 3315
802 170 1095 213 -10-

187 289 261 327 Sed
300 288 338 327 id
381 299 511 326 nonne
548 300 618 339 pei·
654 299 694 326 se
731 288 811 326 fere
841 292 1146 327 consentaneum
1176 293 1236 327 est
1266 294 1310 328 ut
1338 288 1379 327 in
1409 290 1486 328 fine
1516 292 1701 331 carminis

185 356 243 394 vel
274 354 480 403 ‚Helenae'
519 355 577 394 vel
607 366 722 406 quam
754 353 890 393 dicunt
919 353 1139 394 Palinodiae
1169 354 1439 406 perhiberetur
1468 356 1516 396 ab
1546 356 1700 398 illarum

184 423 386 474 regionum
430 429 557 474 poeta,
597 435 685 462 cum
717 434 779 461 res
810 422 992 462 heroinae
1022 423 1200 475 pluribus
1229 423 1338 463 libris
1368 426 1701 477 persequeretur?

186 491 297 540 Quod
328 504 407 544 quo
437 490 675 545 probabilius
702 490 865 539 videtur,
897 503 942 530 eo
975 490 1107 531 minus
1137 491 1213 531 iam
1245 497 1369 537 antea,
1400 493 1476 533 iam
1506 493 1588 534 viva
1610 494 1702 537 illuc

183 560 328 600 auferri
351 566 504 613 poterat
520 560 675 607 Helena,
703 565 807 599 certe
823 572 902 599 non
926 560 1010 599 sine
1033 561 1194 600 molesta
1215 561 1380 611 quadam
1406 573 1450 600 ac
1471 563 1550 602 fere
1572 562 1702 616 inepta

182 628 400 669 iteratione.
447 628 572 680 Atque
603 632 707 667 recte
739 627 939 667 obvertere
967 627 1057 668 licet
1087 639 1175 668 cum
1199 626 1352 666 Duhnio
1375 629 1427 680 (p.
1450 628 1534 680 41),
1567 629 1702 670 Mene-

182 697 294 736 laum‘
318 696 539 736 Stesichoro
570 708 658 735 cum
692 695 900 735 simulacro
932 708 1064 736 secum
1097 697 1257 735 domum
1288 695 1454 735 abducto
1484 696 1602 736 vitam
1633 698 1702 738 de-

183 765 295 815 gisse,
327 775 415 802 vera
446 775 566 802 uxore
593 763 634 801 in
655 763 809 802 Leucen
842 763 1013 814 abrepta,
1047 764 1147 803 unde
1168 775 1246 802 non
1267 762 1415 802 reditus
1437 769 1529 811 erat,
1561 777 1697 816 parum

183 844 267 871 esse
307 830 501 871 credibile.
532 855 588 860 —
627 831 755 879 Quare
791 830 891 871 alius
920 831 1028 871 locus
1059 829 1430 884 circumspiciendus
1462 834 1544 869 erat
1575 829 1698 870 Stesi-

182 901 314 948 choro,
346 900 567 940 cuiusmodi
596 900 637 939 in
668 900 873 952 propatulo
903 905 986 939 erat
1005 899 1211 952 Aegyptus.
1257 899 1306 938 Et
1334 898 1512 938 Paridem
1543 898 1700 950 quidem

182 980 272 1008 cum
296 968 441 1008 Helena
472 974 511 1008 et
540 968 679 1021 opibus
710 967 831 1020 raptis
862 980 907 1007 eo
937 968 1139 1007 advectum
1174 973 1334 1019 utraque
1361 966 1481 1020 spolia
1511 979 1532 1006 a
1560 966 1700 1007 Proteo

183 1049 272 1086 rege
302 1036 446 1088 privari
475 1036 654 1087 perhibet
684 1036 904 1075 Herodotus
934 1037 968 1074 II
1000 1036 1078 1074 112
1107 1049 1191 1086 sqq.
1220 1036 1294 1075 hoc
1325 1047 1403 1074 uno
1431 1035 1516 1074 loco
1537 1035 1700 1074 Graecas

185 1103 334 1143 fabulas
371 1115 448 1143 non
487 1109 564 1142 tam
604 1102 799 1154 attingens
829 1116 945 1155 quam
976 1103 1085 1143 novis
1116 1103 1233 1142 rebus
1263 1108 1302 1142 et
1332 1102 1510 1154 gravibus
1540 1114 1698 1154 augens.

183 1171 290 1217 Quae
320 1184 382 1209 res
414 1172 522 1221 (licet
552 1184 572 1209 e
603 1170 815 1209 sacerdotis
845 1171 1021 1222 Aegyptii
1051 1183 1116 1210 ore
1147 1170 1319 1221 accepta)
1350 1170 1444 1221 quin
1466 1170 1699 1209 Graecorum

181 1237 422 1285 auctoritate,
454 1248 622 1288 quorum
645 1237 880 1277 commercio
900 1238 1096 1290 Aegyptus
1127 1237 1274 1277 dudum
1296 1237 1468 1285 florebat,
1499 1236 1591 1276 illuc
1610 1249 1699 1289 per-

182 1306 356 1357 vulgatae
387 1304 467 1344 sint
496 1311 540 1344 ut
560 1304 728 1344 dubitari
749 1306 894 1357 nequit,
915 1305 968 1345 ita
989 1306 1154 1345 certisne
1175 1318 1196 1344 e
1217 1305 1454 1345 carminibus
1471 1304 1699 1356 desumptae

179 1373 238 1411 vel
268 1373 454 1411 conflatae
485 1372 565 1411 sint
593 1384 642 1410 an
673 1384 719 1410 ex
748 1378 876 1411 vetere
904 1379 942 1411 et
963 1373 1128 1424 genuina
1149 1373 1282 1425 populi
1302 1373 1491 1412 memoria
1513 1379 1696 1419 servatae,

181 1440 325 1491 ambigi
350 1445 491 1491 potest.
543 1440 629 1486 Quo
659 1439 699 1478 in
731 1452 870 1490 genere
901 1441 974 1480 etsi
1005 1441 1255 1480 memorabile
1288 1440 1432 1487 Θῶνις
1464 1440 1628 1480 Helenae
1657 1440 1697 1479 in

180 1506 318 1559 primis
338 1506 523 1546 liberator
546 1506 770 1558 AegyptiuS‚
792 1519 813 1546 a
836 1507 938 1547 Θῶν
967 1508 1127 1547 nomine
1148 1507 1313 1560 hospitis
1335 1507 1502 1546 Helenae
1522 1507 1698 1559 Aegyptii

185 1576 274 1623 (Od.
292 1573 319 1613 δ
336 1574 434 1622 228)
457 1587 535 1614 non
558 1575 819 1614 secernendus
842 1575 948 1626 (cave
969 1576 1072 1615 enim
1095 1589 1144 1615 ne
1166 1577 1336 1615 cultrum
1358 1575 1476 1615 nimis
1497 1576 1697 1625 acuas)¹⁰),

178 1643 268 1682 inde
292 1648 423 1682 tamen
444 1642 541 1681 nihil
561 1642 779 1690 lucramur3
811 1643 982 1694 graviora
1013 1644 1074 1683 illa
1096 1656 1194 1695 quae
1216 1644 1262 1683 de
1283 1643 1455 1683 Menelao
1475 1644 1700 1682 referuntur

180 1711 231 1762 (II
270 1711 366 1760 119)
412 1710 480 1761 qui
524 1716 660 1762 utpote
705 1704 833 1764 ιοένήρ
879 1709 1061 1759 ἄδικος’,
1094 1711 1277 1751 Helenam
1319 1723 1409 1751 cum
1447 1723 1493 1750 ex
1528 1711 1698 1763 Aegypto

181 1784 386 1830 repeteret,
427 1777 587 1817 malacia
625 1779 724 1817 sacta
761 1784 897 1818 ventos
935 1779 1116 1819 adversos
1157 1778 1333 1819 mactatis
1373 1778 1505 1830 pueris
1543 1778 1697 1818 duobus

178 1846 350 1898 placasse
380 1845 542 1893 dicitur;
573 1845 614 1884 in
644 1845 787 1896 quibus
821 1846 1007 1886 memoria
1037 1853 1195 1886 resonat
1222 1846 1340 1893 Atrei,
1372 1845 1534 1893 Tantali,
1574 1845 1699 1897 Lyca-

181 1913 269 1952 onis
307 1925 439 1952 rerum
479 1912 701 1965 persimilis.
770 1914 843 1953 Sed
883 1914 1067 1966 quoniam
1110 1915 1156 1954 de
1199 1919 1311 1966 poeta
1349 1914 1477 1965 agitur
1513 1913 1698 1952 Herodoti

179 1987 341 2022 aetatem
374 1982 488 2033 longe
518 1982 783 2028 antecedente,
815 1980 1009 2021 Homerus
1039 1981 1123 2034 ipse
1152 1981 1355 2021 adeundus
1385 1969 1456 2021 est.
1513 1980 1588 2028 Qui
1618 1992 1697 2019 non

178 2050 293 2089 modo
334 2050 380 2088 de
411 2049 572 2088 Menelai
608 2048 748 2087 itinere
777 2049 963 2102 Aegyptio
995 2050 1061 2089 sed
1092 2051 1207 2089 etiam
1240 2050 1287 2089 de
1318 2049 1483 2088 Helenae
1512 2047 1696 2100 Aegyptio

176 2117 344 2170 hospitio
386 2117 527 2157 diserte
557 2116 731 2168 loquitur
760 2115 787 2157 δ
820 2116 898 2156 125
930 2123 968 2157 et
998 2116 1092 2166 228,
1133 2130 1232 2170 quos
1263 2117 1510 2169 gravissimos
1539 2117 1645 2157 locos
1676 2128 1697 2155 a

176 2187 330 2226 Duhnio
361 2192 439 2225 tam
472 2185 642 2224 breviter
672 2191 710 2224 et
739 2185 778 2224 in
810 2185 1057 2224 adnotatione
1088 2186 1143 2237 (p.
1179 2186 1243 2233 16,
1275 2186 1315 2236 1)
1345 2185 1540 2237 profligari
1561 2184 1695 2223 miror.

178 2254 317 2294 Omnis
353 2266 444 2293 vero
485 2254 533 2292 de
570 2253 642 2292 hac
677 2265 719 2292 re
755 2252 964 2305 disputatio
996 2253 1138 2293 titubat
1166 2253 1344 2306 labatque
1374 2252 1561 2305 quamdiu
1591 2251 1696 2304 quod

176 2322 216 2361 in
247 2321 363 2360 Iliade
399 2321 525 2360 simile
555 2322 734 2367 refertur,
773 2321 992 2371 negligitur.
1053 2322 1149 2368 Quis
1180 2322 1284 2360 enim
1316 2334 1395 2361 non
1427 2322 1531 2361 videt
1560 2332 1696 2359 narra-

177 2389 390 2430 tiunculam
430 2401 528 2440 quae
566 2394 691 2428 exstat
729 2388 754 2427 Z
785 2387 866 2428 289
899 2401 982 2440 sqq.
1021 2389 1067 2428 de
1098 2388 1236 2429 Paride
1265 2395 1304 2429 et
1334 2388 1478 2428 Helena
1510 2387 1695 2428 Sidonem

174 2456 347 2508 appulsis
378 2462 417 2495 et
448 2456 537 2495 inde
568 2455 787 2505 divitias1¹)‚
819 2456 960 2495 multas
1000 2469 1133 2496 secum
1164 2457 1377 2497 ferentibus
1398 2457 1510 2509 plane
1530 2467 1696 2507 respon-

287 2592 330 2631 ¹0)
355 2590 508 2624 secernit
532 2589 638 2622 Stein.

289 2648 331 2689 ¹¹)
355 2646 557 2680 Incredibile
591 2650 797 2689 quantopere
829 2651 1015 2689 quantaque
1050 2646 1171 2679 iniuria
1198 2646 1390 2689 negligatur
1417 2646 1594 2680 Welckeri
1618 2644 1693 2687 (Ep.

173 2704 267 2749 Cycl.
286 2704 312 2737 Il
338 2704 395 2747 94)
421 2703 579 2746 palmaris
605 2703 802 2736 coniectura
826 2702 903 2736 ἕνθ’
929 2702 1016 2737 ἔσαν
1039 2703 1074 2736 οἱ
1090 2704 1228 2737 πέπλοι
1244 2704 1498 2748 παμποίκιλοι,
1524 2701 1609 2747 ἔργα
1630 2712 1695 2745 γυ-

171 2763 306 2796 vacum
327 2760 332 2805 l
352 2758 535 2794 Σιδονίων
558 2756 662 2797 τοὺς
682 2760 797 2803 (vulgo
822 2757 898 2803 τὰς)
917 2756 1021 2797 αὐτὸς
1037 2756 1263 2806 Ἀλέξανδρος
1279 2758 1445 2803 θεοειδὴς
1465 2760 1470 2803 l
1491 2755 1603 2803 ἤγαγε
1625 2758 1694 2790 κτλ.

175 2830 239 2862 quo
269 2806 342 2852 tota
371 2819 424 2852 rei
450 2817 720 2851 conformatione
745 2818 908 2851 ducimur.
954 2817 1118 2861 Proponit
1141 2819 1225 2852 hanc
1249 2819 1432 2852 lectionem
1455 2822 1620 2860 tamquam
1644 2815 1695 2848 iu-

173 2880 299 2908 certam
325 2875 552 2918 suspicionem
579 2874 751 2908 Nauckius
779 2874 833 2916 (ad
858 2875 936 2915 loc.)
963 2880 999 2907 at
1024 2875 1116 2907 nulla
1144 2874 1321 2908 Welckeri
1346 2875 1514 2909 mentione
1542 2871 1641 2905 facta.
