1937 3315
869 183 1158 225 -36-..

253 299 300 339 ab
321 296 477 339 Aeliano
498 300 655 352 quidem
678 300 778 340 sicut
800 300 964 340 traditur
984 314 1072 340 cum
1098 302 1280 353 figmento
1302 303 1388 355 plus
1411 315 1488 343 uno
1510 302 1760 343 coniunctum

254 369 304 419 (v.
327 368 423 407 Rob.
455 382 492 419 p.
519 369 615 419 173)
651 381 729 408 non
768 369 858 408 alibi
894 369 1071 409 falsarius
1107 370 1169 409 ille
1210 384 1327 421 quam
1369 372 1409 411 in
1449 371 1628 423 Euripide
1663 372 1761 423 ipso,

251 435 363 487 longe
397 436 659 488 vulgatissimo
689 442 911 489 poetarum,
954 437 1011 476 vel
1049 437 1087 476 in
1125 443 1281 477 auctore
1312 438 1536 492 Euripidem
1576 446 1760 490 sequente

249 505 388 554 legisse
404 506 599 556 putandus
616 512 730 551 esset,
748 505 823 544 nisi
840 506 1028 550 Xanthus,
1050 520 1127 557 qno
1148 507 1307 545 nomine
1323 507 1361 546 id
1378 508 1518 547 citatur
1533 507 1580 546 ab
1593 507 1761 554 Aeliano,

254 571 520 611 Stesichorum
552 572 681 623 potius
723 572 851 624 ipsum
896 579 1132 612 monstraret
1169 573 1344 624 (V.l.c.).
1389 574 1592 626 Euripides
1631 581 1760 613 autem

250 653 320 692 per
349 654 389 680 se
411 640 565 692 quidem
598 640 637 679 in
659 640 805 680 deliciis
836 641 972 681 habuit
1001 641 1221 694 veriloquia,
1253 655 1421 694 quorum
1444 643 1609 695 plurima
1630 642 1760 682 attulit

250 707 564 748 Wilamowitzius
604 708 710 747 Anal.
740 708 830 748 Eur.
874 723 908 761 p.
937 710 1033 750 190:
1079 710 1298 763 Capaneus,
1344 710 1432 758 Ion,
1464 711 1678 750 Alexander
1722 716 1760 749 et

248 777 530 825 Andromacha,
561 777 786 830 Aphrodite,
819 778 1013 825 Theonoe,
1044 778 1183 825 Thoas,
1214 777 1367 826 Atreus,
1399 778 1594 831 Amphion
1624 786 1663 819 et
1689 779 1760 818 Ze—

250 845 358 892 thus3
389 845 531 896 quibus
562 845 659 885 adde
689 852 842 897 praeter
870 846 1074 892 Electram,
1109 844 1282 892 Παλλὰς
1314 846 1397 893 (Ion
1418 846 1532 895 210),
1563 846 1654 900 Ζῆν
1675 847 1758 899 (Οι“.

252 912 388 963 1635),
417 911 702 964 Ἰἀυροπόλος
724 914 823 965 (lph.
846 914 889 951 T.
911 914 1028 952 1454.
1052 914 1134 963 55),
1162 912 1351 956 Γλαῦκος
1382 913 1543 965 (Polyid.
1562 927 1596 953 v.
1614 915 1757 954 Nauck.

247 981 293 1018 fr.
318 987 413 1032 trag.
441 994 477 1033 p.
502 982 613 1033 440),
644 979 851 1034 Ἡρακλῆς
891 981 975 1032 (Or.
1009 981 1153 1032 1686),
1192 981 1306 1020 etiam
1345 980 1427 1019 sine
1466 982 1584 1021 dubio
1614 979 1759 1033 Ἀρχέ-

246 1061 379 1099 μορος
421 1050 483 1097 (cf.
508 1049 603 1088 Stat.
626 1049 744 1088 Theb.
770 1049 797 1087 V
820 1049 899 1088 738
939 1055 978 1088 et
999 1050 1117 1088 schol.
1140 1049 1258 1089 Clem.
1281 1049 1388 1088 Alex.
1415 1062 1452 1100 p.
1473 1050 1570 1089 105:
1612 1050 1756 1089 Nauck.

246 1117 291 1154 fr.
315 1121 411 1167 trag.
433 1130 470 1168 p.
494 1116 610 1165 467);
642 1116 707 1156 sed
739 1117 888 1157 nullum
921 1117 960 1157 in
984 1117 1043 1157 his
1064 1123 1220 1170 excepta
1241 1117 1390 1157 Electra
1411 1118 1630 1170 exemplum
1653 1117 1756 1157 eius-

245 1183 349 1222 modi
387 1192 457 1231 est,
500 1192 543 1224 ut
572 1186 619 1224 ad
650 1198 872 1225 sermonem
904 1186 1085 1225 Doricum
1127 1186 1342 1237 confugerit
1378 1193 1501 1237 poeta.
1561 1187 1603 1225 ld
1639 1186 1757 1238 igitur

246 1251 467 1292 Stesichoro
498 1266 542 1293 eo
574 1253 695 1306 magis
735 1254 894 1295 attribui
923 1255 1030 1302 licet,
1063 1255 1095 1295 si
1127 1255 1241 1295 modo
1270 1254 1480 1308 Aeschylus
1510 1267 1665 1307 quoque
1702 1278 1756 1282 —

241 1320 352 1371 isque
382 1328 534 1372 praeter
555 1323 875 1362 consuetudinem
907 1346 961 1351 -—
991 1324 1029 1362 in
1052 1324 1217 1362 Helenae
1247 1323 1415 1361 nominis
1443 1323 1654 1374 veriloquio
1676 1329 1752 1361 tam

242 1388 410 1428 multum
444 1396 598 1441 tamque
629 1391 794 1443 graviter
815 1392 958 1432 versari
988 1405 1066 1432 non
1096 1391 1179 1431 sine
1202 1390 1410 1431 Stesichori
1443 1390 1619 1442 exemplo
1649 1389 1752 1430 vide-

242 1464 318 1495 tur.
364 1458 441 1496 Nec
472 1472 548 1497 non
580 1460 706 1498 fabula
739 1472 817 1498 uno
847 1460 894 1498 ab
916 1460 1097 1511 Euripide
1119 1459 1217 1510 (Hel.
1241 1459 1337 1508 311)
1370 1465 1518 1498 servata
1549 1460 1595 1498 de
1624 1458 1752 1497 divino

242 1525 413 1566 Electrae
435 1539 590 1579 sponso,
613 1526 782 1576 Castore,
815 1527 960 1567 scilicet
981 1533 1130 1567 matura
1153 1535 1276 1568 morte
1292 1534 1507 1580 praerepto,
1539 1527 1635 1567 bene
1658 1540 1752 1566 con-

242 1594 337 1632 cinit
372 1607 461 1633 cum
502 1595 671 1634 Electrae
704 1595 916 1646 virginitate
949 1596 1006 1635 vel
1042 1602 1224 1648 perpetua
1256 1597 1314 1634 vel
1344 1603 1447 1635 certe
1478 1596 1679 1642 diuturna,
1719 1595 1751 1634 si

240 1662 396 1712 quidem
430 1662 580 1714 Pyladis
622 1662 911 1702 matrimonium
955 1663 1000 1702 ad
1033 1663 1297 1703 Stesichorum
1339 1676 1427 1702 cum
1460 1662 1750 1702 Wilamowitzio

239 1730 312 1769 l.c.
344 1744 380 1783 p.
412 1730 505 1777 221,
537 1731 555 1769 1
597 1733 739 1769 referre
779 1731 878 1770 licet.
918 1755 970 1759 -—
1008 1731 1103 1770 Item
1150 1730 1258 1783 lyrici
1302 1737 1436 1783 poetae
1481 1731 1748 1770 auctoritatem

239 1800 398 1850 (omissa
420 1800 645 1852 Aeschylea)
667 1812 834 1851 agnosco
855 1800 891 1839 in
915 1800 991 1848 illo,
1013 1800 1114 1852 quod
1138 1799 1479 1852 Clytaemnestram
1503 1799 1596 1839 dicit
1616 1806 1749 1839 noster

238 1868 476 1907 occidentem
510 1868 582 1908 sub
613 1868 733 1920 plagis
764 1868 842 1908 filio
875 1869 1147 1909 monstravisse
1189 1875 1324 1920 pectus
1366 1868 1555 1908 nudatum
1597 1867 1749 1907 miseri-

238 1937 390 1976 cordiae
427 1950 540 1976 causa
582 1936 810 1985 movendae;
846 1937 1002 1977 exhibet
1036 1937 1073 1977 id
1115 1937 1167 1977 El.
1195 1936 1314 1985 1206,
1355 1936 1420 1977 Or.
1444 1936 1668 1984 527‚1·205
1709 1942 1748 1976 et

238 2005 403 2044 maxime
436 2005 501 2044 Or.
525 2005 604 2044 566
637 2019 693 2057 sq.
726 2012 923 2057 tamquam
952 2018 1033 2045 rem
1067 2013 1209 2045 certam
1242 2013 1357 2057 atque
1388 2006 1579 2044 traditam.
1626 2004 1667 2043 Id
1699 2005 1748 2043 ita

238 2074 299 2112 vix
330 2074 466 2113 deduci
498 2074 668 2126 potuerit
701 2087 777 2114 uno
809 2087 852 2113 ex
878 2075 961 2114 loco
992 2074 1058 2126 qui
1088 2081 1148 2114 est
1169 2074 1338 2126 Choeph.
1361 2073 1455 2122 889,
1488 2086 1611 2125 neque
1642 2072 1746 2112 enim

234 2141 274 2180 in
307 2154 421 2180 scena
442 2142 649 2194 Aeschylea
680 2148 815 2194 pectus
846 2142 1005 2182 nudavit
1035 2142 1177 2194 regina,
1208 2142 1309 2194 quod
1342 2154 1502 2194 prorsus
1532 2141 1746 2181 abhorrue-

234 2211 286 2249 rit
315 2223 336 2248 a
366 2210 504 2249 veteris
537 2211 751 2261 tragoediae
782 2211 917 2249 decore
948 2218 987 2250 et
1008 2211 1309 2259 verecundia⁴⁵)‚
1340 2222 1465 2262 neque
1496 2209 1548 2249 ibi
1578 2209 1654 2249 iam
1686 2223 1746 2249 res

235 2277 281 2317 ad
297 2277 420 2330 ipsam
437 2278 590 2317 caedem
609 2278 783 2330 pervenit
795 2279 970 2330 quamvis
986 2279 1153 2319 instante
1167 2278 1321 2318 Oreste:
1339 2278 1521 2317 nimirum
1537 2277 1746 2329 Aeschylus

235 2345 393 2398 respicit
422 2346 467 2384 ad
493 2346 771 2393 Stesichorum,
803 2347 904 2386 sicut
929 2347 1018 2387 fecit
1048 2347 1087 2386 in
1119 2347 1276 2400 bipenni
1306 2347 1417 2392 (Cho.
1441 2346 1539 2397 882)
1569 2359 1615 2385 ex
1645 2348 1746 2398 Aga—

236 2415 456 2453 memnonis
479 2415 591 2453 caede
614 2415 733 2465 petito
755 2421 793 2453 et
816 2415 854 2453 in
877 2415 1176 2466 Agamemnonis
1209 2415 1347 2454 throno
1370 2413 1485 2464 (559)
1507 2413 1571 2461 (cl.
1589 2413 1743 2453 Robert.

232 2497 269 2535 p.
295 2483 387 2522 160.
425 2484 514 2529 179,
537 2482 630 2532 28);
667 2482 722 2521 sic
751 2483 867 2521 crude
902 2483 995 2522 illud
1027 2484 1178 2523 cruenti
1209 2483 1296 2522 sacti
1334 2487 1576 2521 momentum
1609 2495 1745 2521 scenae

233 2552 454 2603 adaptatum
483 2551 660 2589 insnum
696 2563 807 2589 usum
841 2551 1039 2589 convertit.
1089 2552 1132 2589 In
1153 2551 1335 2603 Euripide
1366 2557 1493 2590 autem
1526 2550 1744 2605 communis

235 2620 436 2671 utriusque
458 2622 544 2658 t'ons
573 2619 654 2671 ipse
676 2618 843 2670 profluit,
875 2620 975 2670 quod
1009 2619 1091 2658 lieri
1121 2626 1283 2671 poterat,
1315 2632 1402 2659 cum
1436 2625 1568 2658 noster
1587 2619 1741 2658 caedem

232 2696 352 2728 totam
384 2702 404 2727 a
435 2701 548 2727 scena
579 2694 769 2727 remotam
804 2688 1072 2727 tantummodo
1110 2689 1300 2727 narrando
1331 2686 1451 2727 oculis
1483 2692 1741 2739 spectatorum

340 2849 383 2891 45)
408 2848 505 2890 idque
524 2847 626 2879 etiam
644 2847 672 2879 si
691 2847 890 2879 histrionum
905 2848 1050 2880 mascula
1070 2853 1204 2890 pectora
1224 2846 1390 2887 muliebri,
1409 2851 1443 2878 ut
1461 2855 1603 2888 persona
1623 2851 1735 2888 postu—

230 2906 331 2947 labat,
360 2905 465 2937 foruna
491 2905 623 2936 obtecta
652 2904 790 2936 fuerint.
