1937 3315
856 157 1140 199 ..63-

249 275 406 327 Polyido
428 275 467 314 hi
489 288 623 315 versus
650 275 833 326 leguntur
853 274 984 326 (Mein.
1006 287 1043 326 p.
1062 274 1180 321 1134,
1203 273 1240 312 2.
1263 275 1309 312 fr.
1328 273 1408 312 453
1432 273 1536 313 Kock
1555 274 1606 326 [p.
1623 272 1751 323 50815:

437 342 534 384 ἰδοὺ
564 341 727 395 δίδωμι
759 339 879 396 τήνδ’
910 340 992 392 ἐγώ
1022 338 1205 395 γυναῖκά
1235 352 1307 382 σοι

437 409 660 463 Φαίδραν·
693 409 769 450 ἐπὶ
800 410 886 463 πῦρ
918 408 965 449 δὲ
997 410 1084 462 πῦρ
1114 404 1224 460 ἔοιχ’
1256 406 1376 463 ἥκειν
1406 407 1598 461 ἄγωνῙῙ),

247 491 345 530 quos
380 479 425 518 ad
456 478 651 532 Euripidis
691 477 960 531 cognominem
1000 477 1231 530 tragoediam
1273 478 1468 518 rettulere.
1527 478 1571 517 In
1601 492 1678 531 quo
1715 478 1753 519 id

245 547 398 597 quidem
441 553 545 586 recte
582 554 781 594 censetur,
823 547 856 585 si
886 547 1162 597 Aristophanes
1192 547 1358 586 fabulam
1391 547 1549 586 irrideat
1577 559 1598 586 a
1628 548 1753 586 tribus

246 614 399 665 tragicis
431 614 684 654 nobilissimis
714 615 957 661 illustratam,
997 614 1043 653 de
1074 613 1279 665 Euripidea
1311 615 1476 653 maxime
1506 614 1753 665 cogitandum

245 695 341 721 esse.
400 682 532 734 Neque
562 683 767 722 verisimile
799 689 869 729 est,
907 682 1131 734 Euripidem
1162 682 1330 722 fabulam
1361 683 1479 722 semel
1509 683 1753 735 perstrictam

245 750 390 789 facetiis
431 751 628 790 acerrimis
669 751 771 790 illius
810 750 910 790 serio
952 750 1185 790 tractandam
1228 750 1299 790 sihi
1336 750 1561 802 sumpsisse.
1628 751 1755 798 Quare

245 819 422 870 quamvis
460 820 578 859 multa
611 819 757 871 Polyidi
787 819 1013 871 Euripideae
1051 818 1222 858 comicus
1257 818 1296 857 in
1338 818 1544 858 ridiculum
1584 820 1752 866 verterit,

249 893 376 927 tamen
407 887 439 927 si
470 887 571 928 inter
601 890 814 940 fragmenta
844 887 948 927 illius
978 886 1197 927 comoediae
1227 887 1304 927 duo
1335 886 1397 927 isti
1429 899 1563 927 versus
1593 888 1753 928 fortuito

245 955 438 1005 leguntur,
470 969 536 996 eos
567 956 684 1009 ipsos,
707 981 758 984 -m
781 969 877 1008 quae
900 962 959 995 est
979 955 1249 1008 Aristophanis
1270 968 1359 995 cum
1381 955 1562 1008 Euripide
1593 955 1754 995 mirifica

245 1023 490 1063 necessitudo
522 1048 574 1052 —
606 1037 650 1064 ex
681 1024 838 1077 Polyido
869 1023 1062 1076 Euripidis
1094 1024 1320 1076 desumptos
1358 1036 1441 1063 esse
1477 1035 1636 1063 necesse
1676 1036 1755 1063 non

244 1098 314 1130 est.
374 1093 497 1131 Immo
540 1105 587 1131 ne
626 1093 798 1144 exputari
837 1092 991 1143 quidem
1033 1104 1198 1143 persona
1235 1098 1380 1144 potest,
1424 1092 1485 1130 cui
1526 1091 1565 1129 in
1597 1091 1754 1143 Polyido

243 1158 413 1198 Phaedra
453 1159 490 1198 in
534 1160 826 1199 matrimonium
864 1159 946 1198 dari
982 1159 1117 1211 possit.
1176 1158 1272 1199 Nam
1314 1172 1361 1198 ne
1398 1159 1444 1198 de
1475 1158 1632 1211 Polyido
1670 1158 1754 1211 ipso

244 1227 445 1278 cogitetur,
477 1227 538 1266 cui
568 1227 723 1279 quidem
756 1227 873 1278 gratia
895 1227 1020 1266 Minos
1051 1227 1261 1266 obstrictus
1292 1233 1362 1273 est,
1395 1226 1522 1266 obstat
1547 1233 1651 1266 aetas
1678 1226 1755 1265 vati

245 1295 500 1343 conveniens,
539 1307 610 1334 nec
646 1301 818 1335 ceterum
856 1294 1060 1346 quisquam
1098 1295 1207 1335 facile
1237 1295 1449 1342 invenitur,
1490 1295 1556 1346 qui
1586 1294 1753 1346 puellam

243 1375 365 1414 aequo
386 1376 517 1402 amore
538 1363 830 1410 inflammatam,
863 1369 905 1402 ut
926 1376 1060 1402 versus
1082 1352 1135 1402 2?
1143 1363 1244 1411 dicit,
1274 1375 1431 1403 uxorem
1455 1363 1595 1402 ducere
1617 1364 1752 1415 possit,

244 1431 318 1470 nisi
360 1428 559 1471 forte'res
600 1432 786 1483 quaedam
825 1432 1009 1471 amatoria
1046 1432 1148 1470 inter
1188 1431 1350 1470 leviores
1388 1444 1572 1484 personas
1609 1432 1755 1482 agenda

243 1511 419 1539 summae
456 1499 675 1551 argumenti
711 1499 850 1538 innexa
887 1506 969 1538 erat
1007 1511 1129 1538 more·
1150 1505 1377 1538 nostrorum
1409 1506 1631 1551 temporum
1661 1499 1753 1538 alie-

242 1567 403 1607 nissimo
426 1568 472 1607 ab
493 1568 650 1619 antiqua
671 1573 763 1607 arte.
810 1567 973 1606 Rettulit
1001 1580 1136 1606 versus
1167 1567 1211 1606 ad
1244 1567 1477 1607 sacrificium
1499 1567 1629 1607 nescio
1649 1568 1753 1619 quod

243 1635 343 1675 Orco
375 1636 548 1676 debitum
580 1636 820 1687 Hartungus,
860 1635 922 1675 cui
952 1648 1022 1675 nec
1052 1631 1245 1675 secundus
1279 1648 1412 1675 versus
1443 1636 1652 1688 respondet
1682 1649 1753 1676 nec

247 1703 343 1744 ἰδοὺ
369 1704 475 1752 illud,
507 1704 608 1756 quod
642 1704 758 1743 nimis
788 1703 1028 1744 familiariter
1058 1705 1202 1744 dictum
1236 1711 1306 1752 est,
1337 1718 1451 1756 quam
1477 1711 1519 1744 ut
1539 1705 1584 1745 ad
1607 1718 1753 1745 numen

241 1779 413 1824 spectare
443 1773 577 1825 possit.
638 1772 707 1812 Cui
739 1785 827 1812 vero
857 1772 1035 1825 nupserit
1064 1772 1234 1812 Phaedra
1265 1785 1343 1811 non
1375 1773 1565 1820 nescitur,
1607 1773 1753 1813 scilicet

242 1840 409 1888 Theseo,
451 1842 522 1880 etsi
553 1840 754 1892 Euripides
793 1853 894 1879 unus
934 1840 1042 1879 testis
1073 1846 1134 1879 est
1161 1840 1271 1891 isque
1302 1840 1601 1881 Troezeniorum
1633 1855 1752 1894 pecu-

241 1908 325 1948 liari
373 1909 500 1948 fabula
545 1915 708 1961 recepta.
788 1908 868 1947 Hoc
912 1908 1222 1948 infelicissimum
1268 1908 1488 1961 coniugium
1536 1909 1752 1963 Hippolytis

241 1977 457 2030 Euripideis
487 1978 582 2017 adeo
612 1978 877 2030 pervulgatum
910 1983 1002 2025 erat,
1034 1983 1073 2017 et
1102 1977 1281 2030 inprimis
1312 1977 1359 2016 ab
1383 1979 1638 2031 Aristophane
1668 1979 1752 2031 ipso

242 2052 319 2085 tam
342 2059 453 2098 saepe
474 2046 645 2086 Phaedra
668 2046 872 2099 Euripidea
893 2045 1096 2098 perstricta
1117 2052 1209 2093 erat,
1242 2052 1283 2086 ut
1316 2047 1373 2086 vel
1403 2060 1485 2086 eam
1519 2047 1568 2086 ob
1595 2060 1750 2087 causam

240 2114 411 2153 Phaedra
443 2114 574 2166 (etiam
598 2114 637 2153 in
660 2114 872 2163 comoedia)
904 2114 1005 2153 haud
1035 2114 1143 2153 facile
1173 2115 1246 2153 alio
1278 2115 1415 2154 marito
1446 2116 1613 2154 daretur.
1664 2116 1749 2156 Non

240 2182 333 2221 item
376 2182 642 2234 pervulgatum
684 2188 759 2230 est,
806 2195 893 2222 cum
937 2182 1123 2222 Ariadnae
1163 2182 1365 2221 notissima
1401 2182 1529 2223 fabula
1569 2183 1752 2229 obstaret,

240 2250 432 2290 Theseum
465 2251 699 2299 Phaedram,
736 2264 813 2290 non
854 2263 1025 2290 sororem
1059 2264 1080 2289 e
1110 2250 1245 2290 Creta
1275 2250 1442 2290 duxisse.
1502 2251 1683 2291 Attamen
1713 2252 1752 2291 id

239 2318 495 2370 praemissum
528 2319 661 2358 subest
692 2320 762 2358 toti
792 2319 845 2357 illi
874 2318 1070 2370 coniugio;
1101 2331 1149 2357 an
1176 2342 1221 2346 —
1244 2320 1348 2370 quod
1378 2319 1439 2357 vix
1471 2319 1571 2358 serio
1593 2320 1751 2371 cogitari

239 2392 367 2439 potest
396 2410 446 2415 —
481 2387 650 2440 primum
682 2386 901 2435 Ariadnam,
933 2392 1017 2427 tum
1048 2399 1067 2426 a
1094 2386 1211 2435 Naxo,
1243 2387 1310 2427 ubi
1340 2387 1443 2427 illam
1475 2387 1624 2427 Baccho
1654 2402 1751 2428 con-

239 2462 417 2503 cesserat,
450 2456 601 2495 Cretam
632 2468 810 2495 reversus
842 2468 1014 2495 sororem
1047 2453 1185 2495 duxit?
1234 2456 1345 2495 Certe
1365 2456 1493 2508 aliquo
1516 2457 1643 2500 modo,
1675 2455 1751 2495 nisi

238 2524 426 2564 Ariadnae
456 2525 648 2577 vulgatam
671 2524 838 2564 fabulam
861 2536 1022 2577 prorsus
1042 2523 1235 2576 negligere
1255 2524 1433 2572 audebat,
1464 2524 1749 2565 instituendum

238 2600 373 2645 poetae
396 2600 477 2633 erat
498 2594 592 2633 illud
613 2593 849 2645 coniugium,
882 2600 920 2633 et
940 2594 1135 2645 quomodo
1156 2595 1301 2634 factum
1323 2600 1436 2642 esset,
1467 2594 1748 2647 explicandum,

354 2706 392 2751 ¹¹)
418 2708 457 2740 de
484 2709 621 2742 secundi
648 2719 765 2742 versus
791 2708 1018 2751 explicatione
1044 2709 1121 2743 vide
1146 2719 1228 2752 quae
1253 2709 1424 2752 congessit
1448 2707 1553 2743 Rock.
1573 2721 1602 2753 p.
1623 2709 1673 2751 18,
1690 2709 1748 2750 183

238 2766 353 2807 miror,
378 2766 461 2808 quod
488 2766 573 2798 idem
600 2766 748 2799 Kockius
774 2773 944 2810 comparat
968 2768 1047 2800 Eur.
1065 2767 1106 2800 fr.
1126 2767 1203 2807 432,
1227 2777 1297 2799 rem
1322 2778 1460 2809 prorsus
1485 2768 1672 2807 diversam3
1699 2767 1748 2799 ibi

237 2824 324 2855 euim
352 2823 456 2866 primo
487 2823 561 2855 loco
587 2823 675 2864 ignis
702 2822 890 2857 Promethei
918 2824 1054 2865 dicitur,
1091 2824 1199 2857 altero
1231 2822 1301 2866 (qui
1326 2824 1366 2856 ad
1385 2817 1576 2857 'Pandoram
1602 2823 1746 2868 spectat)

238 2881 413 2913 mulierum
437 2891 550 2920 genus.
