<?xml version="1.0" encoding="UTF-8"?>
<!DOCTYPE html PUBLIC "-//W3C//DTD XHTML 1.0 Transitional//EN"
    "http://www.w3.org/TR/xhtml1/DTD/xhtml1-transitional.dtd">
<html xmlns="http://www.w3.org/1999/xhtml" xml:lang="en" lang="en">
 <head>
  <title>
</title>
<meta http-equiv="Content-Type" content="text/html;charset=utf-8" />
  <meta name='ocr-system' content='tesseract 3.04.00' />
  <meta name='ocr-capabilities' content='ocr_page ocr_carea ocr_par ocr_line ocrx_word'/>
</head>
<body>
  <div class='ocr_page' id='page_1' title='image "./4625147_0062.png"; bbox 0 0 1937 3315; ppageno 0'>
   <div class='ocr_carea' id='block_1_1' title="bbox 819 157 1109 198">
    <p class='ocr_par' dir='ltr' id='par_1_1' title="bbox 819 157 1109 198">
     <span class='ocr_line' id='line_1_1' title="bbox 819 157 1109 198; baseline 0.003 -11"><span class='ocrx_word' id='word_1_1' title='bbox 819 157 1109 198; x_wconf 79' lang='lat'>—56—</span> 
     </span>
    </p>
   </div>
   <div class='ocr_carea' id='block_1_2' title="bbox 207 273 1730 2787">
    <p class='ocr_par' dir='ltr' id='par_1_2' title="bbox 207 273 1719 736">
     <span class='ocr_line' id='line_1_2' title="bbox 208 273 1717 320; baseline -0.003 -3"><span class='ocrx_word' id='word_1_2' title='bbox 208 285 317 318; x_wconf 88' lang='lat' dir='ltr'>catur</span> <span class='ocrx_word' id='word_1_3' title='bbox 348 276 514 316; x_wconf 88' lang='lat' dir='ltr'>solitudo</span> <span class='ocrx_word' id='word_1_4' title='bbox 545 275 695 316; x_wconf 84' lang='lat' dir='ltr'>invenis</span> <span class='ocrx_word' id='word_1_5' title='bbox 736 275 783 315; x_wconf 88' lang='lat' dir='ltr'>ab</span> <span class='ocrx_word' id='word_1_6' title='bbox 820 274 1023 314; x_wconf 92' lang='lat' dir='ltr'>hominum</span> <span class='ocrx_word' id='word_1_7' title='bbox 1062 274 1296 314; x_wconf 84' lang='lat' dir='ltr'>commercio</span> <span class='ocrx_word' id='word_1_8' title='bbox 1328 274 1478 320; x_wconf 78' lang='lat' dir='ltr'>seclusi,</span> <span class='ocrx_word' id='word_1_9' title='bbox 1522 280 1566 314; x_wconf 92' lang='lat' dir='ltr'>ut</span> <span class='ocrx_word' id='word_1_10' title='bbox 1612 273 1717 313; x_wconf 89' lang='lat' dir='ltr'>valde</span> 
     </span>
     <span class='ocr_line' id='line_1_3' title="bbox 209 342 1717 395; baseline -0.002 -10"><span class='ocrx_word' id='word_1_11' title='bbox 209 346 428 386; x_wconf 85' lang='lat' dir='ltr'>mirandum</span> <span class='ocrx_word' id='word_1_12' title='bbox 461 345 522 390; x_wconf 90' lang='lat' dir='ltr'>sit,</span> <span class='ocrx_word' id='word_1_13' title='bbox 555 345 586 385; x_wconf 90' lang='lat' dir='ltr'>si</span> <span class='ocrx_word' id='word_1_14' title='bbox 616 344 666 383; x_wconf 90' lang='lat' dir='ltr'>ita</span> <span class='ocrx_word' id='word_1_15' title='bbox 688 343 911 383; x_wconf 87' lang='lat' dir='ltr'>communis</span> <span class='ocrx_word' id='word_1_16' title='bbox 931 342 1152 395; x_wconf 81' lang='lat' dir='ltr'>principum</span> <span class='ocrx_word' id='word_1_17' title='bbox 1174 343 1401 383; x_wconf 91' lang='lat' dir='ltr'>Troicorum</span> <span class='ocrx_word' id='word_1_18' title='bbox 1425 343 1547 383; x_wconf 86' lang='lat' dir='ltr'>victus</span> <span class='ocrx_word' id='word_1_19' title='bbox 1569 343 1717 383; x_wconf 88' lang='lat' dir='ltr'>descri-</span> 
     </span>
     <span class='ocr_line' id='line_1_4' title="bbox 211 411 1719 466; baseline -0.003 -12"><span class='ocrx_word' id='word_1_20' title='bbox 211 416 334 462; x_wconf 89' lang='lat' dir='ltr'>batur,</span> <span class='ocrx_word' id='word_1_21' title='bbox 366 428 437 454; x_wconf 91' lang='lat' dir='ltr'>nec</span> <span class='ocrx_word' id='word_1_22' title='bbox 468 414 599 466; x_wconf 87' lang='lat' dir='ltr'>potius</span> <span class='ocrx_word' id='word_1_23' title='bbox 630 426 715 451; x_wconf 88' lang='lat' dir='ltr'>rara</span> <span class='ocrx_word' id='word_1_24' title='bbox 745 419 783 451; x_wconf 87' lang='lat' dir='ltr'>et</span> <span class='ocrx_word' id='word_1_25' title='bbox 814 411 1019 462; x_wconf 81' lang='lat' dir='ltr'>singularis</span> <span class='ocrx_word' id='word_1_26' title='bbox 1057 411 1243 463; x_wconf 80' lang='lat' dir='ltr'>quaedam</span> <span class='ocrx_word' id='word_1_27' title='bbox 1282 412 1469 451; x_wconf 89' lang='lat' dir='ltr'>condicio.</span> <span class='ocrx_word' id='word_1_28' title='bbox 1528 411 1719 451; x_wconf 88' lang='lat' dir='ltr'>Docemur</span> 
     </span>
     <span class='ocr_line' id='line_1_5' title="bbox 207 478 1717 532; baseline -0.003 -10"><span class='ocrx_word' id='word_1_29' title='bbox 207 490 335 522; x_wconf 88' lang='lat' dir='ltr'>autem</span> <span class='ocrx_word' id='word_1_30' title='bbox 371 496 428 521; x_wconf 92' lang='lat' dir='ltr'>vv.</span> <span class='ocrx_word' id='word_1_31' title='bbox 452 482 532 522; x_wconf 76' lang='lat'>294</span> <span class='ocrx_word' id='word_1_32' title='bbox 547 495 616 532; x_wconf 64' lang='lat' dir='ltr'>sq„</span> <span class='ocrx_word' id='word_1_33' title='bbox 649 480 904 520; x_wconf 77' lang='lat' dir='ltr'>Cassandram</span> <span class='ocrx_word' id='word_1_34' title='bbox 937 480 1008 519; x_wconf 89' lang='lat' dir='ltr'>alia</span> <span class='ocrx_word' id='word_1_35' title='bbox 1040 487 1078 519; x_wconf 89' lang='lat' dir='ltr'>et</span> <span class='ocrx_word' id='word_1_36' title='bbox 1107 479 1257 519; x_wconf 90' lang='lat' dir='ltr'>veriora</span> <span class='ocrx_word' id='word_1_37' title='bbox 1278 479 1459 527; x_wconf 83' lang='lat' dir='ltr'>suasisse,</span> <span class='ocrx_word' id='word_1_38' title='bbox 1491 491 1608 531; x_wconf 88' lang='lat' dir='ltr'>quam</span> <span class='ocrx_word' id='word_1_39' title='bbox 1630 478 1717 517; x_wconf 91' lang='lat' dir='ltr'>vul-</span> 
     </span>
     <span class='ocr_line' id='line_1_6' title="bbox 209 546 1719 602; baseline -0.003 -11"><span class='ocrx_word' id='word_1_40' title='bbox 209 564 279 602; x_wconf 76' lang='lat' dir='ltr'>gus</span> <span class='ocrx_word' id='word_1_41' title='bbox 311 563 516 602; x_wconf 81' lang='lat' dir='ltr'>augurum,</span> <span class='ocrx_word' id='word_1_42' title='bbox 559 550 626 600; x_wconf 90' lang='lat' dir='ltr'>qui</span> <span class='ocrx_word' id='word_1_43' title='bbox 657 555 695 588; x_wconf 92' lang='lat' dir='ltr'>et</span> <span class='ocrx_word' id='word_1_44' title='bbox 730 548 817 600; x_wconf 84' lang='lat' dir='ltr'>plus</span> <span class='ocrx_word' id='word_1_45' title='bbox 847 548 949 599; x_wconf 93' lang='lat' dir='ltr'>apud</span> <span class='ocrx_word' id='word_1_46' title='bbox 987 547 1163 587; x_wconf 88' lang='lat' dir='ltr'>homines</span> <span class='ocrx_word' id='word_1_47' title='bbox 1199 547 1288 587; x_wconf 85' lang='lat' dir='ltr'>fidei</span> <span class='ocrx_word' id='word_1_48' title='bbox 1325 555 1363 587; x_wconf 88' lang='lat' dir='ltr'>et</span> <span class='ocrx_word' id='word_1_49' title='bbox 1399 547 1529 587; x_wconf 90' lang='lat' dir='ltr'>minus</span> <span class='ocrx_word' id='word_1_50' title='bbox 1560 546 1719 599; x_wconf 87' lang='lat' dir='ltr'>spiritus</span> 
     </span>
     <span class='ocr_line' id='line_1_7' title="bbox 209 614 1719 670; baseline -0.003 -12"><span class='ocrx_word' id='word_1_51' title='bbox 209 618 400 670; x_wconf 79' lang='lat' dir='ltr'>Apollinei</span> <span class='ocrx_word' id='word_1_52' title='bbox 438 617 641 657; x_wconf 87' lang='lat' dir='ltr'>habebant.</span> <span class='ocrx_word' id='word_1_53' title='bbox 702 615 964 662; x_wconf 81' lang='lat' dir='ltr'>Quamobrem</span> <span class='ocrx_word' id='word_1_54' title='bbox 997 628 1073 654; x_wconf 87' lang='lat' dir='ltr'>uno</span> <span class='ocrx_word' id='word_1_55' title='bbox 1103 621 1216 666; x_wconf 89' lang='lat' dir='ltr'>atque</span> <span class='ocrx_word' id='word_1_56' title='bbox 1247 615 1382 654; x_wconf 86' lang='lat' dir='ltr'>eodem</span> <span class='ocrx_word' id='word_1_57' title='bbox 1420 617 1526 655; x_wconf 88' lang='lat' dir='ltr'>fonte</span> <span class='ocrx_word' id='word_1_58' title='bbox 1565 614 1719 667; x_wconf 85' lang='lat' dir='ltr'>Euripi-</span> 
     </span>
     <span class='ocr_line' id='line_1_8' title="bbox 212 684 1017 736; baseline -0.006 -10"><span class='ocrx_word' id='word_1_59' title='bbox 212 688 299 726; x_wconf 88' lang='lat' dir='ltr'>dem</span> <span class='ocrx_word' id='word_1_60' title='bbox 332 686 474 736; x_wconf 89' lang='lat' dir='ltr'>ubique</span> <span class='ocrx_word' id='word_1_61' title='bbox 506 684 562 724; x_wconf 90' lang='lat' dir='ltr'>uti</span> <span class='ocrx_word' id='word_1_62' title='bbox 593 696 821 723; x_wconf 80' lang='lat' dir='ltr'>censeamus</span> <span class='ocrx_word' id='word_1_63' title='bbox 853 689 1017 735; x_wconf 79' lang='lat' dir='ltr'><strong>oportet.</strong></span> 
     </span>
    </p>

    <p class='ocr_par' dir='ltr' id='par_1_3' title="bbox 211 750 1730 2787">
     <span class='ocr_line' id='line_1_9' title="bbox 328 750 1721 804; baseline -0.002 -11"><span class='ocrx_word' id='word_1_64' title='bbox 328 754 400 793; x_wconf 90' lang='lat' dir='ltr'>Sed</span> <span class='ocrx_word' id='word_1_65' title='bbox 423 752 488 804; x_wconf 89' lang='lat' dir='ltr'>qui</span> <span class='ocrx_word' id='word_1_66' title='bbox 509 752 582 791; x_wconf 87' lang='lat' dir='ltr'>fuit</span> <span class='ocrx_word' id='word_1_67' title='bbox 601 750 694 791; x_wconf 77' lang='lat' dir='ltr'>ille?</span> <span class='ocrx_word' id='word_1_68' title='bbox 744 751 792 790; x_wconf 87' lang='lat' dir='ltr'>Et</span> <span class='ocrx_word' id='word_1_69' title='bbox 822 751 869 790; x_wconf 92' lang='lat' dir='ltr'>de</span> <span class='ocrx_word' id='word_1_70' title='bbox 897 750 1043 803; x_wconf 84' lang='lat' dir='ltr'>Cypriis</span> <span class='ocrx_word' id='word_1_71' title='bbox 1074 751 1229 803; x_wconf 91' lang='lat' dir='ltr'>quidem</span> <span class='ocrx_word' id='word_1_72' title='bbox 1261 751 1426 803; x_wconf 86' lang='lat' dir='ltr'>cogitare</span> <span class='ocrx_word' id='word_1_73' title='bbox 1456 757 1545 804; x_wconf 87' lang='lat' dir='ltr'>post</span> <span class='ocrx_word' id='word_1_74' title='bbox 1564 750 1721 791; x_wconf 85' lang='lat' dir='ltr'>Roberti</span> 
     </span>
     <span class='ocr_line' id='line_1_10' title="bbox 215 819 1721 875; baseline -0.003 -13"><span class='ocrx_word' id='word_1_75' title='bbox 215 823 516 875; x_wconf 87' lang='lat' dir='ltr'>disputationem</span> <span class='ocrx_word' id='word_1_76' title='bbox 541 833 616 860; x_wconf 90' lang='lat' dir='ltr'>non</span> <span class='ocrx_word' id='word_1_77' title='bbox 640 821 716 859; x_wconf 90' lang='lat' dir='ltr'>iam</span> <span class='ocrx_word' id='word_1_78' title='bbox 738 820 848 867; x_wconf 88' lang='lat' dir='ltr'>licet;</span> <span class='ocrx_word' id='word_1_79' title='bbox 875 819 1001 859; x_wconf 88' lang='lat' dir='ltr'>fabula</span> <span class='ocrx_word' id='word_1_80' title='bbox 1023 819 1125 858; x_wconf 92' lang='lat' dir='ltr'>enim</span> <span class='ocrx_word' id='word_1_81' title='bbox 1148 820 1193 858; x_wconf 89' lang='lat' dir='ltr'>de</span> <span class='ocrx_word' id='word_1_82' title='bbox 1214 822 1294 858; x_wconf 83' lang='lat' dir='ltr'>face</span> <span class='ocrx_word' id='word_1_83' title='bbox 1314 819 1376 858; x_wconf 90' lang='lat' dir='ltr'>illa</span> <span class='ocrx_word' id='word_1_84' title='bbox 1398 825 1476 858; x_wconf 90' lang='lat' dir='ltr'>tam</span> <span class='ocrx_word' id='word_1_85' title='bbox 1498 825 1721 871; x_wconf 89' lang='lat' dir='ltr'>portentosa</span> 
     </span>
     <span class='ocr_line' id='line_1_11' title="bbox 214 887 1720 942; baseline -0.003 -12"><span class='ocrx_word' id='word_1_86' title='bbox 214 899 367 942; x_wconf 85' lang='lat' dir='ltr'>tamque</span> <span class='ocrx_word' id='word_1_87' title='bbox 408 889 613 940; x_wconf 82' lang='lat' dir='ltr'>singularis</span> <span class='ocrx_word' id='word_1_88' title='bbox 644 895 715 932; x_wconf 86' lang='lat' dir='ltr'>est,</span> <span class='ocrx_word' id='word_1_89' title='bbox 756 894 800 927; x_wconf 89' lang='lat' dir='ltr'>ut</span> <span class='ocrx_word' id='word_1_90' title='bbox 829 900 914 926; x_wconf 89' lang='lat' dir='ltr'>eam</span> <span class='ocrx_word' id='word_1_91' title='bbox 945 887 1104 927; x_wconf 91' lang='lat' dir='ltr'>Proclus</span> <span class='ocrx_word' id='word_1_92' title='bbox 1134 888 1236 926; x_wconf 88' lang='lat' dir='ltr'>haud</span> <span class='ocrx_word' id='word_1_93' title='bbox 1267 887 1375 926; x_wconf 88' lang='lat' dir='ltr'>facile</span> <span class='ocrx_word' id='word_1_94' title='bbox 1405 888 1720 939; x_wconf 81' lang='lat' dir='ltr'>praetermiserit.</span> 
     </span>
     <span class='ocr_line' id='line_1_12' title="bbox 212 955 1722 1009; baseline -0.003 -11"><span class='ocrx_word' id='word_1_95' title='bbox 212 960 358 999; x_wconf 89' lang='lat' dir='ltr'>Tamen</span> <span class='ocrx_word' id='word_1_96' title='bbox 393 958 432 997; x_wconf 91' lang='lat' dir='ltr'>in</span> <span class='ocrx_word' id='word_1_97' title='bbox 470 957 588 1009; x_wconf 86' lang='lat' dir='ltr'>epicis</span> <span class='ocrx_word' id='word_1_98' title='bbox 623 956 838 996; x_wconf 79' lang='lat' dir='ltr'>carnlinibu</span> <span class='ocrx_word' id='word_1_99' title='bbox 870 955 1009 994; x_wconf 84' lang='lat' dir='ltr'>alicubi</span> <span class='ocrx_word' id='word_1_100' title='bbox 1037 956 1156 995; x_wconf 87' lang='lat' dir='ltr'>fuisse</span> <span class='ocrx_word' id='word_1_101' title='bbox 1187 969 1230 995; x_wconf 89' lang='lat' dir='ltr'>ea</span> <span class='ocrx_word' id='word_1_102' title='bbox 1260 956 1430 1007; x_wconf 89' lang='lat' dir='ltr'>putanda</span> <span class='ocrx_word' id='word_1_103' title='bbox 1461 962 1580 1002; x_wconf 88' lang='lat' dir='ltr'>esset,</span> <span class='ocrx_word' id='word_1_104' title='bbox 1621 957 1653 995; x_wconf 88' lang='lat' dir='ltr'>si</span> <span class='ocrx_word' id='word_1_105' title='bbox 1682 957 1722 994; x_wconf 96' lang='lat' dir='ltr'>in</span> 
     </span>
     <span class='ocr_line' id='line_1_13' title="bbox 211 1022 1723 1075; baseline -0.002 -10"><span class='ocrx_word' id='word_1_106' title='bbox 211 1027 482 1066; x_wconf 79' lang='lat' dir='ltr'>Andromacha</span> <span class='ocrx_word' id='word_1_107' title='bbox 522 1031 589 1064; x_wconf 87' lang='lat' dir='ltr'>aut</span> <span class='ocrx_word' id='word_1_108' title='bbox 618 1024 689 1062; x_wconf 87' lang='lat' dir='ltr'>alia</span> <span class='ocrx_word' id='word_1_109' title='bbox 720 1024 795 1062; x_wconf 89' lang='lat' dir='ltr'>ulla</span> <span class='ocrx_word' id='word_1_110' title='bbox 826 1022 1018 1074; x_wconf 85' lang='lat' dir='ltr'>tragoedia</span> <span class='ocrx_word' id='word_1_111' title='bbox 1050 1023 1237 1075; x_wconf 84' lang='lat' dir='ltr'>trilogiam</span> <span class='ocrx_word' id='word_1_112' title='bbox 1268 1024 1521 1075; x_wconf 88' lang='lat' dir='ltr'>praecedente</span> <span class='ocrx_word' id='word_1_113' title='bbox 1557 1023 1723 1063; x_wconf 87' lang='lat' dir='ltr'>breviter</span> 
     </span>
     <span class='ocr_line' id='line_1_14' title="bbox 212 1092 1723 1146; baseline -0.003 -10"><span class='ocrx_word' id='word_1_114' title='bbox 212 1108 296 1135; x_wconf 87' lang='lat' dir='ltr'>eam</span> <span class='ocrx_word' id='word_1_115' title='bbox 335 1094 526 1146; x_wconf 81' lang='lat' dir='ltr'>attigisset</span> <span class='ocrx_word' id='word_1_116' title='bbox 555 1099 686 1146; x_wconf 88' lang='lat' dir='ltr'>poeta,</span> <span class='ocrx_word' id='word_1_117' title='bbox 730 1092 832 1143; x_wconf 87' lang='lat' dir='ltr'>quod</span> <span class='ocrx_word' id='word_1_118' title='bbox 869 1094 993 1132; x_wconf 85' lang='lat' dir='ltr'>facere</span> <span class='ocrx_word' id='word_1_119' title='bbox 1030 1105 1107 1132; x_wconf 94' lang='lat' dir='ltr'>non</span> <span class='ocrx_word' id='word_1_120' title='bbox 1147 1092 1347 1144; x_wconf 90' lang='lat' dir='ltr'>potuisset,</span> <span class='ocrx_word' id='word_1_121' title='bbox 1388 1092 1463 1132; x_wconf 91' lang='lat' dir='ltr'>nisi</span> <span class='ocrx_word' id='word_1_122' title='bbox 1497 1092 1537 1132; x_wconf 94' lang='lat' dir='ltr'>in</span> <span class='ocrx_word' id='word_1_123' title='bbox 1578 1092 1723 1144; x_wconf 79' lang='lat' dir='ltr'>vulgari</span> 
     </span>
     <span class='ocr_line' id='line_1_15' title="bbox 213 1160 1724 1214; baseline -0.001 -14"><span class='ocrx_word' id='word_1_124' title='bbox 213 1162 347 1214; x_wconf 87' lang='lat' dir='ltr'>populi</span> <span class='ocrx_word' id='word_1_125' title='bbox 376 1161 542 1200; x_wconf 88' lang='lat' dir='ltr'>lectione</span> <span class='ocrx_word' id='word_1_126' title='bbox 573 1174 615 1199; x_wconf 91' lang='lat' dir='ltr'>ea</span> <span class='ocrx_word' id='word_1_127' title='bbox 647 1160 890 1199; x_wconf 88' lang='lat' dir='ltr'>occurrisset.</span> <span class='ocrx_word' id='word_1_128' title='bbox 941 1160 989 1198; x_wconf 87' lang='lat' dir='ltr'>At</span> <span class='ocrx_word' id='word_1_129' title='bbox 1019 1160 1126 1199; x_wconf 92' lang='lat' dir='ltr'>nullo</span> <span class='ocrx_word' id='word_1_130' title='bbox 1156 1160 1284 1207; x_wconf 89' lang='lat' dir='ltr'>verbo,</span> <span class='ocrx_word' id='word_1_131' title='bbox 1315 1172 1365 1199; x_wconf 93' lang='lat' dir='ltr'>ne</span> <span class='ocrx_word' id='word_1_132' title='bbox 1394 1160 1435 1199; x_wconf 94' lang='lat' dir='ltr'>in</span> <span class='ocrx_word' id='word_1_133' title='bbox 1454 1160 1724 1200; x_wconf 87' lang='lat' dir='ltr'>Andromacha</span> 
     </span>
     <span class='ocr_line' id='line_1_16' title="bbox 212 1228 1723 1283; baseline -0.001 -13"><span class='ocrx_word' id='word_1_134' title='bbox 212 1232 388 1283; x_wconf 82' lang='lat' dir='ltr'>quidem,</span> <span class='ocrx_word' id='word_1_135' title='bbox 429 1229 523 1270; x_wconf 83' lang='lat' dir='ltr'>facis</span> <span class='ocrx_word' id='word_1_136' title='bbox 557 1229 726 1269; x_wconf 87' lang='lat' dir='ltr'>fabulam</span> <span class='ocrx_word' id='word_1_137' title='bbox 763 1229 1082 1268; x_wconf 89' lang='lat' dir='ltr'>commemoravit</span> <span class='ocrx_word' id='word_1_138' title='bbox 1117 1234 1274 1280; x_wconf 87' lang='lat' dir='ltr'>excepta</span> <span class='ocrx_word' id='word_1_139' title='bbox 1305 1229 1387 1280; x_wconf 90' lang='lat' dir='ltr'>ipsa</span> <span class='ocrx_word' id='word_1_140' title='bbox 1418 1228 1612 1268; x_wconf 86' lang='lat' dir='ltr'>Troadum</span> <span class='ocrx_word' id='word_1_141' title='bbox 1644 1235 1723 1269; x_wconf 88' lang='lat' dir='ltr'>tra—</span> 
     </span>
     <span class='ocr_line' id='line_1_17' title="bbox 213 1295 1724 1351; baseline -0.002 -13"><span class='ocrx_word' id='word_1_142' title='bbox 213 1299 357 1351; x_wconf 83' lang='lat' dir='ltr'>goedia,</span> <span class='ocrx_word' id='word_1_143' title='bbox 397 1298 462 1336; x_wconf 90' lang='lat' dir='ltr'>ubi</span> <span class='ocrx_word' id='word_1_144' title='bbox 493 1296 619 1336; x_wconf 87' lang='lat' dir='ltr'>brevis</span> <span class='ocrx_word' id='word_1_145' title='bbox 651 1296 795 1334; x_wconf 90' lang='lat' dir='ltr'>mentio</span> <span class='ocrx_word' id='word_1_146' title='bbox 827 1296 1053 1343; x_wconf 87' lang='lat' dir='ltr'>sufficiebat,</span> <span class='ocrx_word' id='word_1_147' title='bbox 1093 1301 1299 1348; x_wconf 91' lang='lat' dir='ltr'>postquam</span> <span class='ocrx_word' id='word_1_148' title='bbox 1330 1295 1371 1334; x_wconf 91' lang='lat' dir='ltr'>in</span> <span class='ocrx_word' id='word_1_149' title='bbox 1400 1296 1589 1349; x_wconf 91' lang='lat' dir='ltr'>principio</span> <span class='ocrx_word' id='word_1_150' title='bbox 1619 1296 1724 1336; x_wconf 89' lang='lat' dir='ltr'>eius-</span> 
     </span>
     <span class='ocr_line' id='line_1_18' title="bbox 213 1364 1723 1418; baseline -0.001 -11"><span class='ocrx_word' id='word_1_151' title='bbox 213 1369 299 1408; x_wconf 89' lang='lat' dir='ltr'>dem</span> <span class='ocrx_word' id='word_1_152' title='bbox 334 1366 504 1418; x_wconf 81' lang='lat' dir='ltr'>trilogiae</span> <span class='ocrx_word' id='word_1_153' title='bbox 535 1378 596 1405; x_wconf 87' lang='lat' dir='ltr'>res</span> <span class='ocrx_word' id='word_1_154' title='bbox 628 1372 709 1405; x_wconf 88' lang='lat' dir='ltr'>erat</span> <span class='ocrx_word' id='word_1_155' title='bbox 739 1364 933 1418; x_wconf 84' lang='lat' dir='ltr'>copiosius</span> <span class='ocrx_word' id='word_1_156' title='bbox 964 1371 1136 1405; x_wconf 89' lang='lat' dir='ltr'>tractata.</span> <span class='ocrx_word' id='word_1_157' title='bbox 1188 1364 1313 1418; x_wconf 85' lang='lat' dir='ltr'>Omne</span> <span class='ocrx_word' id='word_1_158' title='bbox 1335 1364 1454 1417; x_wconf 87' lang='lat' dir='ltr'>igitur</span> <span class='ocrx_word' id='word_1_159' title='bbox 1479 1371 1723 1406; x_wconf 90' lang='lat' dir='ltr'>momentum</span> 
     </span>
     <span class='ocr_line' id='line_1_19' title="bbox 213 1432 1723 1485; baseline -0.002 -9"><span class='ocrx_word' id='word_1_160' title='bbox 213 1437 252 1476; x_wconf 89' lang='lat' dir='ltr'>in</span> <span class='ocrx_word' id='word_1_161' title='bbox 269 1448 357 1475; x_wconf 89' lang='lat' dir='ltr'>eum</span> <span class='ocrx_word' id='word_1_162' title='bbox 381 1438 528 1474; x_wconf 87' lang='lat' dir='ltr'>fontem</span> <span class='ocrx_word' id='word_1_163' title='bbox 550 1434 753 1481; x_wconf 82' lang='lat' dir='ltr'>incumbit,</span> <span class='ocrx_word' id='word_1_164' title='bbox 784 1433 884 1473; x_wconf 91' lang='lat' dir='ltr'>unde</span> <span class='ocrx_word' id='word_1_165' title='bbox 904 1433 944 1473; x_wconf 90' lang='lat' dir='ltr'>in</span> <span class='ocrx_word' id='word_1_166' title='bbox 965 1434 1037 1473; x_wconf 89' lang='lat' dir='ltr'>hac</span> <span class='ocrx_word' id='word_1_167' title='bbox 1057 1432 1205 1484; x_wconf 87' lang='lat' dir='ltr'>trilogia</span> <span class='ocrx_word' id='word_1_168' title='bbox 1226 1432 1430 1485; x_wconf 88' lang='lat' dir='ltr'>praecipue</span> <span class='ocrx_word' id='word_1_169' title='bbox 1450 1433 1579 1473; x_wconf 87' lang='lat' dir='ltr'>hausit</span> <span class='ocrx_word' id='word_1_170' title='bbox 1599 1439 1723 1485; x_wconf 91' lang='lat' dir='ltr'>poeta.</span> 
     </span>
     <span class='ocr_line' id='line_1_20' title="bbox 215 1500 1725 1556; baseline -0.002 -12"><span class='ocrx_word' id='word_1_171' title='bbox 215 1505 300 1544; x_wconf 74' lang='lat' dir='ltr'>Non</span> <span class='ocrx_word' id='word_1_172' title='bbox 331 1517 408 1556; x_wconf 87' lang='lat' dir='ltr'>quo</span> <span class='ocrx_word' id='word_1_173' title='bbox 440 1502 533 1542; x_wconf 85' lang='lat' dir='ltr'>facis</span> <span class='ocrx_word' id='word_1_174' title='bbox 563 1502 731 1541; x_wconf 86' lang='lat' dir='ltr'>fabulam</span> <span class='ocrx_word' id='word_1_175' title='bbox 754 1502 800 1541; x_wconf 92' lang='lat' dir='ltr'>ab</span> <span class='ocrx_word' id='word_1_176' title='bbox 821 1502 1061 1555; x_wconf 88' lang='lat' dir='ltr'>expositione</span> <span class='ocrx_word' id='word_1_177' title='bbox 1082 1501 1240 1541; x_wconf 86' lang='lat' dir='ltr'>infantis</span> <span class='ocrx_word' id='word_1_178' title='bbox 1261 1500 1409 1541; x_wconf 89' lang='lat' dir='ltr'>secerni</span> <span class='ocrx_word' id='word_1_179' title='bbox 1429 1501 1555 1550; x_wconf 90' lang='lat' dir='ltr'>velim,</span> <span class='ocrx_word' id='word_1_180' title='bbox 1586 1514 1725 1554; x_wconf 90' lang='lat' dir='ltr'>quam-</span> 
     </span>
     <span class='ocr_line' id='line_1_21' title="bbox 216 1570 1727 1625; baseline -0.002 -12"><span class='ocrx_word' id='word_1_181' title='bbox 216 1586 332 1625; x_wconf 84' lang='lat' dir='ltr'>quam</span> <span class='ocrx_word' id='word_1_182' title='bbox 363 1573 401 1611; x_wconf 93' lang='lat' dir='ltr'>id</span> <span class='ocrx_word' id='word_1_183' title='bbox 432 1585 587 1623; x_wconf 88' lang='lat' dir='ltr'>quoque</span> <span class='ocrx_word' id='word_1_184' title='bbox 617 1571 775 1622; x_wconf 84' lang='lat' dir='ltr'>cogitari</span> <span class='ocrx_word' id='word_1_185' title='bbox 806 1578 953 1622; x_wconf 79' lang='lat' dir='ltr'>potest3</span> <span class='ocrx_word' id='word_1_186' title='bbox 982 1571 1049 1610; x_wconf 89' lang='lat' dir='ltr'>sed</span> <span class='ocrx_word' id='word_1_187' title='bbox 1080 1576 1277 1610; x_wconf 84' lang='lat' dir='ltr'>auctorem</span> <span class='ocrx_word' id='word_1_188' title='bbox 1302 1570 1379 1609; x_wconf 91' lang='lat' dir='ltr'>iam</span> <span class='ocrx_word' id='word_1_189' title='bbox 1400 1576 1510 1610; x_wconf 87' lang='lat' dir='ltr'>antea</span> <span class='ocrx_word' id='word_1_190' title='bbox 1530 1576 1667 1610; x_wconf 90' lang='lat' dir='ltr'>notum</span> <span class='ocrx_word' id='word_1_191' title='bbox 1689 1577 1727 1610; x_wconf 91' lang='lat' dir='ltr'>et</span> 
     </span>
     <span class='ocr_line' id='line_1_22' title="bbox 217 1638 1727 1691; baseline -0.001 -11"><span class='ocrx_word' id='word_1_192' title='bbox 217 1641 343 1680; x_wconf 86' lang='lat' dir='ltr'>obiter</span> <span class='ocrx_word' id='word_1_193' title='bbox 383 1640 599 1679; x_wconf 86' lang='lat' dir='ltr'>adhibitum</span> <span class='ocrx_word' id='word_1_194' title='bbox 646 1640 686 1678; x_wconf 94' lang='lat' dir='ltr'>in</span> <span class='ocrx_word' id='word_1_195' title='bbox 730 1639 877 1690; x_wconf 87' lang='lat' dir='ltr'>trilogia</span> <span class='ocrx_word' id='word_1_196' title='bbox 913 1639 976 1678; x_wconf 90' lang='lat' dir='ltr'>illa</span> <span class='ocrx_word' id='word_1_197' title='bbox 1007 1639 1223 1678; x_wconf 86' lang='lat' dir='ltr'>accuratius</span> <span class='ocrx_word' id='word_1_198' title='bbox 1253 1638 1455 1691; x_wconf 87' lang='lat' dir='ltr'>Euripides</span> <span class='ocrx_word' id='word_1_199' title='bbox 1485 1638 1727 1679; x_wconf 90' lang='lat' dir='ltr'>consuluisse</span> 
     </span>
     <span class='ocr_line' id='line_1_23' title="bbox 216 1707 1725 1762; baseline -0.001 -14"><span class='ocrx_word' id='word_1_200' title='bbox 216 1715 357 1762; x_wconf 82' lang='lat' dir='ltr'>potest,</span> <span class='ocrx_word' id='word_1_201' title='bbox 390 1709 490 1748; x_wconf 90' lang='lat' dir='ltr'>sicut</span> <span class='ocrx_word' id='word_1_202' title='bbox 513 1707 754 1748; x_wconf 87' lang='lat' dir='ltr'>Stesichorea</span> <span class='ocrx_word' id='word_1_203' title='bbox 785 1708 970 1748; x_wconf 85' lang='lat' dir='ltr'>nonnulla</span> <span class='ocrx_word' id='word_1_204' title='bbox 1000 1708 1076 1747; x_wconf 88' lang='lat' dir='ltr'>iam</span> <span class='ocrx_word' id='word_1_205' title='bbox 1098 1707 1206 1759; x_wconf 86' lang='lat' dir='ltr'>prius</span> <span class='ocrx_word' id='word_1_206' title='bbox 1229 1707 1349 1757; x_wconf 92' lang='lat' dir='ltr'>(velut</span> <span class='ocrx_word' id='word_1_207' title='bbox 1368 1707 1528 1747; x_wconf 88' lang='lat' dir='ltr'>Dianam</span> <span class='ocrx_word' id='word_1_208' title='bbox 1549 1707 1725 1747; x_wconf 88' lang='lat' dir='ltr'>Troicam</span> 
     </span>
     <span class='ocr_line' id='line_1_24' title="bbox 216 1774 1727 1828; baseline -0.001 -11"><span class='ocrx_word' id='word_1_209' title='bbox 216 1778 255 1817; x_wconf 91' lang='lat' dir='ltr'>in</span> <span class='ocrx_word' id='word_1_210' title='bbox 278 1777 450 1828; x_wconf 84' lang='lat' dir='ltr'>Hecuba)</span> <span class='ocrx_word' id='word_1_211' title='bbox 480 1775 713 1828; x_wconf 87' lang='lat' dir='ltr'>inspersisse</span> <span class='ocrx_word' id='word_1_212' title='bbox 740 1774 891 1814; x_wconf 91' lang='lat' dir='ltr'>videtur</span> <span class='ocrx_word' id='word_1_213' title='bbox 912 1774 983 1814; x_wconf 91' lang='lat' dir='ltr'>etsi</span> <span class='ocrx_word' id='word_1_214' title='bbox 1004 1781 1174 1815; x_wconf 82' lang='lat' dir='ltr'>extrema</span> <span class='ocrx_word' id='word_1_215' title='bbox 1195 1774 1352 1814; x_wconf 90' lang='lat' dir='ltr'>demum</span> <span class='ocrx_word' id='word_1_216' title='bbox 1374 1774 1472 1814; x_wconf 90' lang='lat' dir='ltr'>vitae</span> <span class='ocrx_word' id='word_1_217' title='bbox 1493 1788 1584 1815; x_wconf 90' lang='lat' dir='ltr'>suae</span> <span class='ocrx_word' id='word_1_218' title='bbox 1604 1781 1727 1816; x_wconf 87' lang='lat' dir='ltr'>aetate</span> 
     </span>
     <span class='ocr_line' id='line_1_25' title="bbox 216 1842 1727 1898; baseline 0 -13"><span class='ocrx_word' id='word_1_219' title='bbox 216 1845 435 1898; x_wconf 82' lang='lat' dir='ltr'>diligentius</span> <span class='ocrx_word' id='word_1_220' title='bbox 467 1844 568 1884; x_wconf 91' lang='lat' dir='ltr'>illius</span> <span class='ocrx_word' id='word_1_221' title='bbox 590 1844 761 1884; x_wconf 88' lang='lat' dir='ltr'>carmina</span> <span class='ocrx_word' id='word_1_222' title='bbox 782 1843 969 1883; x_wconf 89' lang='lat' dir='ltr'>adhibuit.</span> <span class='ocrx_word' id='word_1_223' title='bbox 1014 1843 1115 1883; x_wconf 88' lang='lat' dir='ltr'>Num</span> <span class='ocrx_word' id='word_1_224' title='bbox 1147 1843 1266 1895; x_wconf 84' lang='lat' dir='ltr'>igitur</span> <span class='ocrx_word' id='word_1_225' title='bbox 1296 1842 1410 1882; x_wconf 86' lang='lat' dir='ltr'>etiam</span> <span class='ocrx_word' id='word_1_226' title='bbox 1441 1844 1481 1883; x_wconf 92' lang='lat' dir='ltr'>in</span> <span class='ocrx_word' id='word_1_227' title='bbox 1512 1844 1583 1884; x_wconf 88' lang='lat' dir='ltr'>hac</span> <span class='ocrx_word' id='word_1_228' title='bbox 1612 1858 1727 1885; x_wconf 87' lang='lat' dir='ltr'>causa</span> 
     </span>
     <span class='ocr_line' id='line_1_26' title="bbox 216 1909 1728 1964; baseline 0 -11"><span class='ocrx_word' id='word_1_229' title='bbox 216 1915 263 1954; x_wconf 87' lang='lat' dir='ltr'>ad</span> <span class='ocrx_word' id='word_1_230' title='bbox 296 1913 563 1953; x_wconf 88' lang='lat' dir='ltr'>Stesichorum</span> <span class='ocrx_word' id='word_1_231' title='bbox 595 1909 803 1952; x_wconf 75' lang='lat' dir='ltr'>ducimur?</span> <span class='ocrx_word' id='word_1_232' title='bbox 861 1912 999 1964; x_wconf 87' lang='lat' dir='ltr'>Ignoro</span> <span class='ocrx_word' id='word_1_233' title='bbox 1030 1911 1222 1964; x_wconf 85' lang='lat' dir='ltr'>equidem.</span> <span class='ocrx_word' id='word_1_234' title='bbox 1280 1912 1405 1964; x_wconf 88' lang='lat' dir='ltr'>Atque</span> <span class='ocrx_word' id='word_1_235' title='bbox 1445 1925 1535 1953; x_wconf 92' lang='lat' dir='ltr'>cum</span> <span class='ocrx_word' id='word_1_236' title='bbox 1573 1913 1614 1953; x_wconf 90' lang='lat' dir='ltr'>in</span> <span class='ocrx_word' id='word_1_237' title='bbox 1653 1914 1728 1953; x_wconf 88' lang='lat' dir='ltr'>hoc</span> 
     </span>
     <span class='ocr_line' id='line_1_27' title="bbox 217 1980 1728 2032; baseline 0 -10"><span class='ocrx_word' id='word_1_238' title='bbox 217 1982 487 2022; x_wconf 81' lang='lat' dir='ltr'>ffodendorum</span> <span class='ocrx_word' id='word_1_239' title='bbox 516 1981 683 2021; x_wconf 84' lang='lat' dir='ltr'>fontium</span> <span class='ocrx_word' id='word_1_240' title='bbox 711 1980 866 2032; x_wconf 88' lang='lat' dir='ltr'>negotio</span> <span class='ocrx_word' id='word_1_241' title='bbox 889 1980 1065 2032; x_wconf 88' lang='lat' dir='ltr'>superior</span> <span class='ocrx_word' id='word_1_242' title='bbox 1089 1987 1190 2020; x_wconf 89' lang='lat' dir='ltr'>terra</span> <span class='ocrx_word' id='word_1_243' title='bbox 1220 1993 1292 2021; x_wconf 91' lang='lat' dir='ltr'>nos</span> <span class='ocrx_word' id='word_1_244' title='bbox 1314 1981 1509 2029; x_wconf 88' lang='lat' dir='ltr'>destituat,</span> <span class='ocrx_word' id='word_1_245' title='bbox 1532 1981 1573 2020; x_wconf 92' lang='lat' dir='ltr'>in</span> <span class='ocrx_word' id='word_1_246' title='bbox 1594 1982 1728 2022; x_wconf 88' lang='lat' dir='ltr'>altiora</span> 
     </span>
     <span class='ocr_line' id='line_1_28' title="bbox 219 2048 1727 2103; baseline 0 -13"><span class='ocrx_word' id='word_1_247' title='bbox 219 2050 411 2103; x_wconf 81' lang='lat' dir='ltr'>penetrari</span> <span class='ocrx_word' id='word_1_248' title='bbox 449 2055 613 2101; x_wconf 89' lang='lat' dir='ltr'>oportet.</span> <span class='ocrx_word' id='word_1_249' title='bbox 673 2050 752 2088; x_wconf 90' lang='lat' dir='ltr'>Iam</span> <span class='ocrx_word' id='word_1_250' title='bbox 792 2049 824 2087; x_wconf 89' lang='lat' dir='ltr'>si</span> <span class='ocrx_word' id='word_1_251' title='bbox 861 2048 953 2100; x_wconf 91' lang='lat' dir='ltr'>quid</span> <span class='ocrx_word' id='word_1_252' title='bbox 984 2048 1108 2088; x_wconf 89' lang='lat' dir='ltr'>simile</span> <span class='ocrx_word' id='word_1_253' title='bbox 1139 2049 1231 2088; x_wconf 84' lang='lat' dir='ltr'>sacis</span> <span class='ocrx_word' id='word_1_254' title='bbox 1261 2049 1363 2089; x_wconf 91' lang='lat' dir='ltr'>illius</span> <span class='ocrx_word' id='word_1_255' title='bbox 1394 2049 1727 2101; x_wconf 86' lang='lat' dir='ltr'>circumspexeris,</span> 
     </span>
     <span class='ocr_line' id='line_1_29' title="bbox 217 2114 1729 2169; baseline 0 -12"><span class='ocrx_word' id='word_1_256' title='bbox 217 2131 299 2157; x_wconf 88' lang='lat' dir='ltr'>rem</span> <span class='ocrx_word' id='word_1_257' title='bbox 333 2129 494 2169; x_wconf 85' lang='lat' dir='ltr'>prorsus</span> <span class='ocrx_word' id='word_1_258' title='bbox 526 2114 725 2169; x_wconf 84' lang='lat' dir='ltr'>&#39;cognatam</span> <span class='ocrx_word' id='word_1_259' title='bbox 757 2116 915 2169; x_wconf 85' lang='lat' dir='ltr'>praebet</span> <span class='ocrx_word' id='word_1_260' title='bbox 930 2116 1093 2164; x_wconf 87' lang='lat' dir='ltr'>Aetolia,</span> <span class='ocrx_word' id='word_1_261' title='bbox 1135 2116 1280 2157; x_wconf 87' lang='lat' dir='ltr'>scilicet</span> <span class='ocrx_word' id='word_1_262' title='bbox 1317 2117 1492 2157; x_wconf 85' lang='lat' dir='ltr'>titionem</span> <span class='ocrx_word' id='word_1_263' title='bbox 1524 2117 1632 2157; x_wconf 93' lang='lat' dir='ltr'>illum</span> <span class='ocrx_word' id='word_1_264' title='bbox 1665 2130 1729 2158; x_wconf 86' lang='lat' dir='ltr'>ar-</span> 
     </span>
     <span class='ocr_line' id='line_1_30' title="bbox 217 2184 1727 2237; baseline 0 -11"><span class='ocrx_word' id='word_1_265' title='bbox 217 2188 385 2233; x_wconf 90' lang='lat' dir='ltr'>dentem,</span> <span class='ocrx_word' id='word_1_266' title='bbox 418 2198 584 2236; x_wconf 88' lang='lat' dir='ltr'>quocum</span> <span class='ocrx_word' id='word_1_267' title='bbox 618 2186 799 2225; x_wconf 86' lang='lat' dir='ltr'>cohaeret</span> <span class='ocrx_word' id='word_1_268' title='bbox 829 2184 902 2225; x_wconf 83' lang='lat' dir='ltr'>vita</span> <span class='ocrx_word' id='word_1_269' title='bbox 925 2185 1115 2236; x_wconf 84' lang='lat' dir='ltr'>Meleagri,</span> <span class='ocrx_word' id='word_1_270' title='bbox 1148 2199 1245 2237; x_wconf 89' lang='lat' dir='ltr'>quae</span> <span class='ocrx_word' id='word_1_271' title='bbox 1267 2188 1328 2226; x_wconf 83' lang='lat' dir='ltr'>fax</span> <span class='ocrx_word' id='word_1_272' title='bbox 1350 2200 1370 2226; x_wconf 90' lang='lat' dir='ltr'>a</span> <span class='ocrx_word' id='word_1_273' title='bbox 1393 2192 1515 2226; x_wconf 89' lang='lat' dir='ltr'>matre</span> <span class='ocrx_word' id='word_1_274' title='bbox 1535 2188 1614 2226; x_wconf 87' lang='lat' dir='ltr'>fota</span> <span class='ocrx_word' id='word_1_275' title='bbox 1634 2186 1727 2226; x_wconf 89' lang='lat' dir='ltr'>item</span> 
     </span>
     <span class='ocr_line' id='line_1_31' title="bbox 217 2252 1728 2305; baseline 0 -11"><span class='ocrx_word' id='word_1_276' title='bbox 217 2253 431 2294; x_wconf 82' lang='lat' dir='ltr'>similitudo</span> <span class='ocrx_word' id='word_1_277' title='bbox 470 2259 529 2293; x_wconf 88' lang='lat' dir='ltr'>est</span> <span class='ocrx_word' id='word_1_278' title='bbox 570 2253 649 2293; x_wconf 88' lang='lat' dir='ltr'>nati</span> <span class='ocrx_word' id='word_1_279' title='bbox 688 2253 831 2305; x_wconf 89' lang='lat' dir='ltr'>ipsius;</span> <span class='ocrx_word' id='word_1_280' title='bbox 870 2253 907 2292; x_wconf 92' lang='lat' dir='ltr'>id</span> <span class='ocrx_word' id='word_1_281' title='bbox 939 2252 1053 2293; x_wconf 84' lang='lat' dir='ltr'>etiarn</span> <span class='ocrx_word' id='word_1_282' title='bbox 1087 2253 1290 2293; x_wconf 90' lang='lat' dir='ltr'>dilucidius</span> <span class='ocrx_word' id='word_1_283' title='bbox 1320 2254 1364 2294; x_wconf 87' lang='lat' dir='ltr'>fit</span> <span class='ocrx_word' id='word_1_284' title='bbox 1392 2254 1511 2294; x_wconf 89' lang='lat' dir='ltr'>altera</span> <span class='ocrx_word' id='word_1_285' title='bbox 1541 2253 1728 2303; x_wconf 88' lang='lat' dir='ltr'>versione,</span> 
     </span>
     <span class='ocr_line' id='line_1_32' title="bbox 216 2321 1730 2375; baseline 0.001 -13"><span class='ocrx_word' id='word_1_286' title='bbox 216 2336 291 2375; x_wconf 84' lang='lat' dir='ltr'>qua</span> <span class='ocrx_word' id='word_1_287' title='bbox 332 2335 483 2362; x_wconf 90' lang='lat' dir='ltr'>ramum</span> <span class='ocrx_word' id='word_1_288' title='bbox 525 2321 643 2361; x_wconf 87' lang='lat' dir='ltr'>olivae</span> <span class='ocrx_word' id='word_1_289' title='bbox 683 2322 840 2362; x_wconf 86' lang='lat' dir='ltr'>Althaea</span> <span class='ocrx_word' id='word_1_290' title='bbox 882 2335 957 2361; x_wconf 91' lang='lat' dir='ltr'>una</span> <span class='ocrx_word' id='word_1_291' title='bbox 998 2335 1086 2361; x_wconf 91' lang='lat' dir='ltr'>cum</span> <span class='ocrx_word' id='word_1_292' title='bbox 1126 2322 1314 2374; x_wconf 87' lang='lat' dir='ltr'>Meleagro</span> <span class='ocrx_word' id='word_1_293' title='bbox 1353 2325 1549 2375; x_wconf 88' lang='lat' dir='ltr'>peperisse</span> <span class='ocrx_word' id='word_1_294' title='bbox 1589 2323 1730 2365; x_wconf 86' lang='lat' dir='ltr'>dicitur</span> 
     </span>
     <span class='ocr_line' id='line_1_33' title="bbox 217 2390 1729 2444; baseline 0.001 -14"><span class='ocrx_word' id='word_1_295' title='bbox 217 2392 268 2442; x_wconf 75' lang='lat' dir='ltr'>(V.</span> <span class='ocrx_word' id='word_1_296' title='bbox 289 2390 420 2441; x_wconf 86' lang='lat' dir='ltr'>infra).</span> <span class='ocrx_word' id='word_1_297' title='bbox 472 2391 577 2437; x_wconf 79' lang='lat' dir='ltr'>Quae</span> <span class='ocrx_word' id='word_1_298' title='bbox 607 2390 756 2429; x_wconf 83' lang='lat' dir='ltr'>fabulae</span> <span class='ocrx_word' id='word_1_299' title='bbox 786 2396 977 2442; x_wconf 89' lang='lat' dir='ltr'>quatenus</span> <span class='ocrx_word' id='word_1_300' title='bbox 1003 2403 1196 2430; x_wconf 85' lang='lat' dir='ltr'>connexae</span> <span class='ocrx_word' id='word_1_301' title='bbox 1227 2391 1305 2431; x_wconf 91' lang='lat' dir='ltr'>sint</span> <span class='ocrx_word' id='word_1_302' title='bbox 1335 2403 1424 2431; x_wconf 93' lang='lat' dir='ltr'>cum</span> <span class='ocrx_word' id='word_1_303' title='bbox 1452 2390 1633 2444; x_wconf 91' lang='lat' dir='ltr'>opinione</span> <span class='ocrx_word' id='word_1_304' title='bbox 1653 2392 1729 2433; x_wconf 89' lang='lat' dir='ltr'>late</span> 
     </span>
     <span class='ocr_line' id='line_1_34' title="bbox 217 2459 1729 2513; baseline 0.002 -15"><span class='ocrx_word' id='word_1_305' title='bbox 217 2466 371 2512; x_wconf 85' lang='lat' dir='ltr'>patente</span> <span class='ocrx_word' id='word_1_306' title='bbox 402 2459 447 2498; x_wconf 89' lang='lat' dir='ltr'>de</span> <span class='ocrx_word' id='word_1_307' title='bbox 485 2459 632 2511; x_wconf 88' lang='lat' dir='ltr'>origine</span> <span class='ocrx_word' id='word_1_308' title='bbox 669 2459 820 2511; x_wconf 86' lang='lat' dir='ltr'>generis</span> <span class='ocrx_word' id='word_1_309' title='bbox 858 2460 1018 2500; x_wconf 90' lang='lat' dir='ltr'>humani</span> <span class='ocrx_word' id='word_1_310' title='bbox 1056 2473 1076 2499; x_wconf 92' lang='lat' dir='ltr'>e</span> <span class='ocrx_word' id='word_1_311' title='bbox 1107 2460 1231 2508; x_wconf 91' lang='lat' dir='ltr'>„duro</span> <span class='ocrx_word' id='word_1_312' title='bbox 1262 2460 1400 2500; x_wconf 88' lang='lat' dir='ltr'>robore</span> <span class='ocrx_word' id='word_1_313' title='bbox 1431 2460 1614 2513; x_wconf 80' lang='lat' dir='ltr'>nati“⁷⁴),</span> <span class='ocrx_word' id='word_1_314' title='bbox 1651 2475 1729 2513; x_wconf 94' lang='lat' dir='ltr'>quo</span> 
     </span>
     <span class='ocr_line' id='line_1_35' title="bbox 217 2525 1729 2579; baseline 0.001 -12"><span class='ocrx_word' id='word_1_315' title='bbox 217 2528 332 2568; x_wconf 88' lang='lat' dir='ltr'>etiam</span> <span class='ocrx_word' id='word_1_316' title='bbox 355 2525 555 2575; x_wconf 79' lang='grc' dir='ltr'><em>Ὄ-ξυλος</em></span> <span class='ocrx_word' id='word_1_317' title='bbox 585 2528 754 2579; x_wconf 86' lang='lat' dir='ltr'>pertinet</span> <span class='ocrx_word' id='word_1_318' title='bbox 783 2528 976 2568; x_wconf 85' lang='lat' dir='ltr'>Aetolium</span> <span class='ocrx_word' id='word_1_319' title='bbox 1009 2541 1151 2568; x_wconf 90' lang='lat' dir='ltr'>nomen</span> <span class='ocrx_word' id='word_1_320' title='bbox 1191 2541 1280 2568; x_wconf 92' lang='lat' dir='ltr'>cum</span> <span class='ocrx_word' id='word_1_321' title='bbox 1304 2526 1493 2577; x_wconf 74' lang='grc' dir='ltr'><strong><em>Ὀ-ιλεύς</em></strong></span> <span class='ocrx_word' id='word_1_322' title='bbox 1526 2531 1729 2570; x_wconf 83' lang='lat' dir='ltr'>conferen-</span> 
     </span>
     <span class='ocr_line' id='line_1_36' title="bbox 218 2592 1727 2651; baseline 0.001 -14"><span class='ocrx_word' id='word_1_323' title='bbox 218 2597 310 2637; x_wconf 91' lang='lat' dir='ltr'>dum</span> <span class='ocrx_word' id='word_1_324' title='bbox 333 2603 371 2636; x_wconf 86' lang='lat' dir='ltr'>et</span> <span class='ocrx_word' id='word_1_325' title='bbox 387 2596 434 2636; x_wconf 88' lang='lat' dir='ltr'>ab</span> <span class='ocrx_word' id='word_1_326' title='bbox 452 2596 641 2649; x_wconf 70' lang='lat' dir='ltr'>Hesychio</span> <span class='ocrx_word' id='word_1_327' title='bbox 661 2592 860 2645; x_wconf 75' lang='grc' dir='ltr'><em>ἷσόξυλος</em></span> <span class='ocrx_word' id='word_1_328' title='bbox 881 2597 1126 2650; x_wconf 87' lang='lat' dir='ltr'>explicatum,</span> <span class='ocrx_word' id='word_1_329' title='bbox 1150 2597 1187 2638; x_wconf 90' lang='lat' dir='ltr'>id</span> <span class='ocrx_word' id='word_1_330' title='bbox 1205 2597 1277 2637; x_wconf 91' lang='lat' dir='ltr'>hoc</span> <span class='ocrx_word' id='word_1_331' title='bbox 1297 2598 1381 2638; x_wconf 92' lang='lat' dir='ltr'>loco</span> <span class='ocrx_word' id='word_1_332' title='bbox 1402 2610 1482 2638; x_wconf 92' lang='lat' dir='ltr'>non</span> <span class='ocrx_word' id='word_1_333' title='bbox 1502 2611 1727 2651; x_wconf 89' lang='lat' dir='ltr'>persequor.</span> 
     </span>
     <span class='ocr_line' id='line_1_37' title="bbox 218 2666 1729 2717; baseline 0.001 -12"><span class='ocrx_word' id='word_1_334' title='bbox 218 2667 386 2705; x_wconf 89' lang='lat' dir='ltr'>Tantum</span> <span class='ocrx_word' id='word_1_335' title='bbox 424 2678 566 2716; x_wconf 88' lang='lat' dir='ltr'>quaero</span> <span class='ocrx_word' id='word_1_336' title='bbox 604 2679 681 2717; x_wconf 88' lang='lat' dir='ltr'>quo</span> <span class='ocrx_word' id='word_1_337' title='bbox 723 2666 839 2705; x_wconf 92' lang='lat' dir='ltr'>modo</span> <span class='ocrx_word' id='word_1_338' title='bbox 876 2666 970 2705; x_wconf 90' lang='lat' dir='ltr'>haec</span> <span class='ocrx_word' id='word_1_339' title='bbox 1007 2666 1160 2705; x_wconf 89' lang='lat' dir='ltr'>Troiam</span> <span class='ocrx_word' id='word_1_340' title='bbox 1202 2666 1389 2706; x_wconf 90' lang='lat' dir='ltr'>venerint.</span> <span class='ocrx_word' id='word_1_341' title='bbox 1448 2667 1543 2706; x_wconf 89' lang='lat' dir='ltr'>Tota</span> <span class='ocrx_word' id='word_1_342' title='bbox 1589 2678 1650 2706; x_wconf 88' lang='lat' dir='ltr'>res</span> <span class='ocrx_word' id='word_1_343' title='bbox 1689 2667 1729 2706; x_wconf 93' lang='lat' dir='ltr'>in</span> 
     </span>
     <span class='ocr_line' id='line_1_38' title="bbox 218 2733 1729 2787; baseline -0.001 -12"><span class='ocrx_word' id='word_1_344' title='bbox 218 2734 377 2775; x_wconf 84' lang='lat' dir='ltr'>Bracchi</span> <span class='ocrx_word' id='word_1_345' title='bbox 408 2733 514 2773; x_wconf 90' lang='lat' dir='ltr'>cultu</span> <span class='ocrx_word' id='word_1_346' title='bbox 552 2740 748 2784; x_wconf 87' lang='lat' dir='ltr'>tamquam</span> <span class='ocrx_word' id='word_1_347' title='bbox 780 2734 819 2773; x_wconf 90' lang='lat' dir='ltr'>in</span> <span class='ocrx_word' id='word_1_348' title='bbox 851 2734 1005 2774; x_wconf 91' lang='lat' dir='ltr'>cardine</span> <span class='ocrx_word' id='word_1_349' title='bbox 1043 2733 1217 2774; x_wconf 87' lang='lat' dir='ltr'>vertitur.</span> <span class='ocrx_word' id='word_1_350' title='bbox 1277 2734 1452 2787; x_wconf 90' lang='lat' dir='ltr'>Namque</span> <span class='ocrx_word' id='word_1_351' title='bbox 1482 2734 1651 2774; x_wconf 84' lang='lat' dir='ltr'>fabulam</span> <span class='ocrx_word' id='word_1_352' title='bbox 1681 2734 1729 2774; x_wconf 92' lang='lat' dir='ltr'>ab</span> 
     </span>
    </p>
   </div>
   <div class='ocr_carea' id='block_1_3' title="bbox 330 2878 1728 2925">
    <p class='ocr_par' dir='ltr' id='par_1_4' title="bbox 330 2878 1728 2925">
     <span class='ocr_line' id='line_1_39' title="bbox 330 2878 1728 2925; baseline 0.001 -13"><span class='ocrx_word' id='word_1_353' title='bbox 330 2882 373 2921; x_wconf 79' lang='lat'>⁷⁴)</span> <span class='ocrx_word' id='word_1_354' title='bbox 398 2891 428 2912; x_wconf 92' lang='lat' dir='ltr'>v.</span> <span class='ocrx_word' id='word_1_355' title='bbox 448 2880 653 2912; x_wconf 83' lang='lat' dir='ltr'>Schoemaun</span> <span class='ocrx_word' id='word_1_356' title='bbox 671 2880 731 2922; x_wconf 85' lang='lat' dir='ltr'>Op.</span> <span class='ocrx_word' id='word_1_357' title='bbox 747 2879 784 2912; x_wconf 93' lang='lat'>11.</span> <span class='ocrx_word' id='word_1_358' title='bbox 805 2891 833 2922; x_wconf 86' lang='lat' dir='ltr'>p.</span> <span class='ocrx_word' id='word_1_359' title='bbox 857 2879 1041 2913; x_wconf 78' lang='lat'>125—138.</span> <span class='ocrx_word' id='word_1_360' title='bbox 1068 2879 1212 2913; x_wconf 85' lang='lat' dir='ltr'>Preller.</span> <span class='ocrx_word' id='word_1_361' title='bbox 1238 2880 1394 2921; x_wconf 77' lang='lat' dir='ltr'>Ausgew.</span> <span class='ocrx_word' id='word_1_362' title='bbox 1411 2878 1506 2912; x_wconf 81' lang='lat' dir='ltr'>Aufs.</span> <span class='ocrx_word' id='word_1_363' title='bbox 1524 2891 1553 2923; x_wconf 89' lang='lat' dir='ltr'>p.</span> <span class='ocrx_word' id='word_1_364' title='bbox 1577 2881 1636 2914; x_wconf 86' lang='lat'>177</span> <span class='ocrx_word' id='word_1_365' title='bbox 1656 2892 1728 2925; x_wconf 89' lang='lat' dir='ltr'>sqq.</span> 
     </span>
    </p>
   </div>
  </div>
 </body>
</html>
