1937 3315
846 162 1137 202 -76-

229 279 352 317 Immo
375 290 464 318 cum
496 278 535 318 in
566 278 732 319 filiorum
754 277 943 331 Antiopae
966 278 1047 319 vico
1079 291 1162 319 rem
1194 278 1251 331 agi
1283 284 1434 319 constet
1463 290 1590 331 neque
1612 280 1743 332 igitur,

230 353 271 386 ut
301 346 341 386 in
363 347 467 397 regia
489 344 628 397 aliqua,
659 342 845 387 interiora
869 346 1063 387 conclavia
1092 346 1212 387 multa
1242 346 1347 387 unde
1377 346 1423 387 ad
1446 359 1518 386 nos
1548 347 1744 389 referatur

228 415 321 465 fingi
351 414 514 465 possint,
545 414 772 465 praesertim
805 427 893 453 cum
916 415 1000 465 ipse
1031 415 1157 454 cultus
1178 414 1241 453 ille
1262 415 1464 454 conclusas
1491 415 1660 466 parietes
1683 416 1742 455 vix

229 482 409 534 patiatur,
441 480 656 533 colligimus
679 493 760 520 non
782 482 867 522 sine
890 482 1025 522 eximia
1049 482 1331 535 probabilitate,
1363 495 1451 522 eum
1474 482 1538 535 qui
1559 482 1742 534 loquatur

228 550 438 588 extrarium
461 549 642 588 advenire
674 554 711 587 et
737 550 872 588 oculos
903 550 1048 589 inicere
1079 551 1118 588 in
1150 549 1367 589 aedificium
1401 550 1492 589 satis
1524 554 1672 600 agreste
1705 557 1742 589 et

226 616 528 670 inspicientibus
566 616 679 657 latius
718 622 880 670 patens3
920 618 971 658 ita
1011 623 1052 658 ut
1083 617 1183 658 forte
1224 615 1406 670 βλέπειν
1436 615 1550 658 δοκῶ
1587 631 1740 658 versum

228 686 383 737 explere
406 686 545 737 possis.
594 685 738 737 Utique
768 686 809 724 in
832 699 877 725 eo
911 686 993 725 loco
1025 698 1101 737 quo
1123 686 1267 725 festum
1299 684 1561 725 celebrabitur
1580 693 1740 733 stamuS,

227 759 264 793 et
282 753 343 794 dei
369 753 524 805 signum
543 753 601 794 vel
618 753 655 793 in
674 753 883 806 conspicuo
902 760 961 794 est
979 754 1048 802 vel,
1071 754 1174 806 quod
1197 753 1339 794 sufficit
1356 752 1479 799 nobis,
1503 753 1741 806 conspicitur

226 822 273 861 ab
295 834 339 861 eo
361 822 426 873 qui
449 822 634 873 loquitur.
675 822 715 861 ld
739 822 947 874 plerosque
967 822 1060 860 mihi
1076 833 1332 861 concessuros
1355 833 1439 860 esse
1455 821 1621 861 confido.
1659 822 1739 861 Iam

226 890 341 942 igitur
364 890 472 930 adest
493 889 678 937 Bacchus,
705 890 752 929 ad
776 902 893 942 quem
916 889 1104 929 invocatio
1126 890 1186 929 illa
1208 889 1389 941 pertinet,
1410 889 1527 929 nullis
1548 889 1622 929 iam
1646 896 1739 941 puto

225 957 517 998 difficultatibus
548 958 754 1010 implicata.
801 957 897 1004 Quis
930 963 1057 996 autem
1090 957 1140 997 sit
1169 957 1312 997 advena
1344 956 1406 996 ille
1439 979 1491 984 —-
1518 969 1616 1009 qnae
1647 963 1740 998 sunt

227 1026 431 1078 locupletia
464 1027 509 1066 de
541 1026 616 1066 hoc
648 1026 818 1065 dramate
851 1025 1136 1077 testimoniam)
1172 1051 1225 1055 ——
1264 1024 1359 1065 nulli
1400 1025 1630 1066 dubitationi
1671 1027 1740 1066 ob-

225 1095 386 1134 noxium
411 1103 481 1134 est.
512 1095 720 1145 Antiopam
744 1094 926 1133 vixmodo
944 1094 1078 1132 vinclis
1100 1095 1197 1133 clam
1219 1093 1413 1145 perruptis
1435 1105 1552 1145 quam
1573 1106 1740 1134 consen-

224 1170 384 1202 taneum
417 1170 474 1202 est
496 1162 558 1202 dei
578 1166 737 1213 aspectu
760 1166 993 1200 commotam
1018 1161 1055 1200 in
1078 1161 1138 1200 illa
1162 1161 1277 1201 verba
1299 1160 1588 1213 erumpere23)!
1627 1162 1739 1202 Haud

223 1230 441 1270 absimilem
477 1231 513 1269 in
546 1230 705 1269 modum
728 1229 846 1268 Maria
870 1229 998 1268 Stuart
1030 1243 1049 1268 e
1073 1241 1225 1269 carcere
1257 1229 1297 1268 in
1327 1229 1425 1269 aeris
1446 1230 1666 1270 libertatem
1698 1244 1739 1271 se

225 1299 419 1351 proiciens
438 1311 514 1338 non
534 1298 742 1338 daemones
759 1297 820 1336 illa
838 1296 1011 1349 quidem,
1024 1309 1158 1337 verum
1180 1297 1302 1337 nubes
1320 1298 1501 1339 caelestes
1516 1299 1737 1352 compellat:

489 1366 574 1406 Frei
606 1366 645 1406 in
678 1366 754 1406 den
785 1366 925 1406 Lsiften
957 1366 1006 1406 ist
1037 1378 1130 1406 eure
1160 1366 1282 1415 Balin,

487 1436 551 1476 ihr
580 1435 661 1475 seid
695 1435 803 1475 nicht
834 1436 960 1474 dieser
993 1435 1160 1486 Konigin
1192 1436 1416 1475 untertlian.
1451 1460 1504 1464 —

338 1504 445 1551 Quae
479 1515 565 1543 cum
599 1503 651 1542 ita
685 1503 775 1551 sint,
797 1502 1072 1555 Aristophanis
1100 1503 1340 1554 grammatici
1360 1502 1624 1544 testimonium
1648 1503 1738 1544 bre-

223 1572 318 1610 viter
363 1572 569 1622 profligare
612 1572 720 1618 licet3
765 1571 935 1622 respexit
975 1571 1006 1609 is
1049 1571 1288 1621 tragoediam
1329 1571 1577 1623 Euripideam
1621 1572 1736 1611 modo

222 1644 416 1691 quatenus
454 1651 541 1678 cum
583 1638 799 1691 Sophoclea
838 1638 1055 1691 comparari
1095 1644 1266 1691 poterat,
1309 1638 1344 1678 id
1385 1638 1489 1691 quod
1532 1639 1737 1679 minimam

221 1707 452 1758 Euripideae
498 1713 646 1759 partem
685 1706 874 1746 attinebat
910 1708 977 1746 sed
1015 1720 1079 1747 res
1116 1707 1282 1747 fabulam
1323 1708 1619 1757 antecedentes,
1662 1707 1737 1747 illic

220 1780 394 1815 narratas
438 1774 734 1823 tantummod03
783 1785 846 1814 res
891 1774 937 1814 ad
983 1774 1184 1815 Maeonem
1233 1775 1472 1828 pertinentes
1519 1774 1572 1815 nil
1617 1786 1735 1815 cura-

220 1845 285 1885 bat
322 1845 610 1897 Aristophanes.
671 1843 956 1883 Testimonium
994 1844 1111 1896 igitur
1150 1844 1407 1896 grammatici,
1446 1843 1492 1884 ab
1522 1843 1736 1895 Antigonae

220 1913 424 1953 scholiasta
457 1912 681 1967 repetitum,
715 1924 802 1951 cum
826 1912 976 1965 Hygino
1010 1912 1187 1966 vasisque
1217 1913 1453 1954 concinnare
1481 1924 1553 1953 nec
1574 1913 1737 1966 despero

220 1990 262 2021 ut
300 1981 470 2033 plurimi,
509 1994 580 2021 nec
611 1981 666 2021 sic
697 1981 859 2021 instituo
892 1988 934 2022 ut
963 1983 1201 2034 Hartungus‚
1241 1983 1306 2034 qui
1337 1995 1407 2035 per
1437 1982 1631 2022 Bacchum
1665 1995 1738 2034 ap-

219 2056 422 2103 parentem
455 2049 625 2102 copulari
656 2055 832 2089 amantes
863 2049 1035 2098 coniecit,
1068 2051 1188 2103 (quod
1217 2050 1417 2103 superiore
1440 2049 1738 2091 ratiocinatione

217 2120 429 2159 refutatum
463 2121 550 2166 est),
582 2118 647 2157 sed
679 2118 735 2158 sic
764 2118 892 2170 potius
923 2119 1077 2169 colligo:
1109 2133 1177 2159 rex
1209 2120 1281 2160 etsi
1307 2120 1527 2172 disiungere
1560 2127 1737 2159 amantes

220 2186 421 2238 nequibat,
470 2186 569 2226 vitae
608 2186 826 2237 Antigonae
874 2199 996 2238 usque
1041 2186 1196 2226 insidias
1241 2187 1412 2239 parabat.
1475 2186 1736 2235 Quamobrem

218 2256 395 2294 Haemon
438 2255 700 2306 “Antigonem
740 2255 786 2293 ad
825 2261 1001 2306 pastores
1040 2255 1255 2296 mandavit’'
1295 2256 1436 2308 (Hyg.).
1496 2256 1600 2294 Haec
1638 2267 1737 2306 quae

218 2323 361 2362 diserte
398 2323 607 2362 traduntur
638 2335 726 2362 cum
759 2334 896 2374 parum
929 2322 1141 2374 respiceret
1176 2323 1395 2363 Welckerus
1426 2335 1558 2374 regem
1590 2322 1737 2362 substi-

216 2398 335 2431 tuens
368 2397 566 2442 tamquam
601 2391 701 2430 exilii
735 2397 947 2439 auctorem,
986 2396 1110 2431 totam
1143 2405 1223 2431 rem
1256 2391 1507 2443 perturbavit.
1540 2414 1592 2419 -—
1624 2391 1736 2430 Cete-

216 2472 304 2499 rum
343 2459 373 2498 si
405 2458 706 2512 Aristophanem
746 2459 939 2507 audimus,
978 2460 1038 2500 cui
1071 2459 1245 2500 diffidere
1276 2472 1354 2499 non
1386 2460 1487 2508 licet,
1519 2459 1735 2499 secundum

215 2528 441 2580 Euripidem
473 2528 689 2579 Antigonae
725 2528 831 2580 pium
872 2540 959 2580 erga
999 2529 1158 2568 fratrem
1198 2528 1350 2568 facinus
1393 2540 1473 2567 non
1505 2528 1639 2580 Argiae
1670 2528 1735 2567 sed

215 2595 427 2636 Haemonis
465 2596 631 2637 amantis
669 2609 744 2649 ope
781 2597 955 2637 adiutum
989 2603 1047 2638 est
1080 2597 1154 2645 (vel
1184 2596 1315 2650 potius
1353 2610 1436 2637 esse
1473 2595 1733 2645 narrabatur).

329 2766 371 2808 2²)
397 2777 429 2798 v.
455 2767 549 2798 Jahn.
575 2767 675 2800 Aren.
703 2768 776 2809 ztg.
806 2768 904 2811 1853,
929 2779 958 2811 p.
978 2770 1030 2801 76.
1058 2770 1111 2809 73,
1128 2769 1180 2800 27.

326 2824 369 2867 ²³)
394 2823 604 2866 Sequebatur
635 2828 702 2856 tum
722 2818 909 2867 Ἀντιόπης
932 2823 1066 2871 θρῆνος
1089 2824 1149 2858 ἐπὶ
1173 2825 1242 2858 τῶν
1266 2821 1396 2862 ἀδίκως
1422 2816 1638 2867 πασχόντων
1662 2821 1732 2854 κτλ.

214 2893 246 2914 v.
272 2881 368 2914 Jahn.
396 2891 423 2923 p.
447 2880 500 2921 78,
518 2880 571 2913 40.
