1937 3315
808 151 1104 192 -29-

196 280 351 309 causam
375 268 655 322 clytemnestra
685 268 964 320 praetenderet,
995 281 1070 320 qua
1101 267 1223 320 ipsius
1255 267 1294 306 in
1318 267 1499 307 maritum
1523 267 1714 320 improbi-

145 361 151 369 ι
195 344 312 378 tatem
330 344 541 379 excusaret.
563 337 669 376 Idem
685 337 861 389 sequitur
878 339 1046 390 (praeter
1062 337 1273 378 Pindarum
1287 337 1329 376 P.
1342 336 1713 390 X[‚2·2)Aeschylus

194 406 234 445 in
250 407 475 458 gravissima
491 406 553 445 illa
569 405 712 457 parodo
725 406 853 456 (140),
871 405 973 445 idem
991 418 1082 453 non,
1100 407 1248 458 opinor,
1266 407 1313 445 ad
1332 406 1564 457 Aeschylum
1581 406 1647 445 sed
1665 407 1712 445 ad

197 475 462 515 Stesichorum
485 473 614 525 ipsum
646 486 687 512 se
714 473 911 525 applicans
932 473 1134 526 Euripides
1155 474 1210 513 El.
1234 474 1299 514 29.
1326 474 1432 513 1020
1454 487 1511 525 sq.
1561 474 1712 521 Quibus

195 543 408 595 perspectis
438 555 486 581 ne
516 542 555 581 id
576 541 732 592 quidem
765 541 994 593 ambigetur,
1028 542 1129 581 unde
1159 542 1197 581 in
1229 543 1362 581 eadem
1386 542 1577 593 tragoedia
1602 543 1706 582 1023

195 610 400 663 Euripides
433 606 696 664 Ἰφιγόνην
735 622 878 649 nomen
922 615 1122 649 mutuatus
1160 609 1221 654 sit,
1261 612 1425 649 sormam
1464 610 1712 661 grammatice

194 679 352 730 quidem
374 678 476 717 haud
497 678 697 717 difficilem
728 684 767 717 et
787 691 875 717 cum
893 675 1108 732 ἸΗριγόνη,
1131 675 1378 731 Ἠριγένεια
1399 678 1711 730 comparabilem,

195 747 262 786 sed
293 759 432 797 porsus
464 746 695 797 singularem
728 752 765 785 et
796 746 843 785 ab
873 745 1055 798 Euripide
1087 758 1329 798 nequaquam
1362 747 1503 785 fictam.

309 814 384 854 Sed
420 814 496 854 iam
527 813 726 866 poscimur
755 813 939 854 iudicium
973 814 1177 853 ferendum
1208 814 1254 853 de
1284 814 1402 853 altera
1431 815 1557 853 fabula
1587 815 1711 854 Stesi-

195 883 314 921 choro
336 896 357 921 a
378 882 567 921 Pausania
589 882 606 920 I
629 881 681 921 43
713 882 920 933 impertita,
952 895 1026 932 qua
1051 883 1191 921 Thesei
1220 888 1259 921 et
1280 882 1445 921 Helenae
1475 883 1550 921 filia
1571 883 1713 922 dicitur

193 950 401 1002 Iphigenia.
461 950 504 989 ln
535 962 609 1001 qua
640 962 681 988 re
712 950 897 989 confiteor
927 962 989 988 me
1020 962 1097 989 non
1126 949 1292 1000 assequi,
1315 962 1385 988 cur
1405 962 1482 988 non
1506 956 1710 1002 utramque

193 1018 361 1058 fabulam
386 1018 630 1058 Stesichorus
662 1030 775 1057 nosse
796 1018 967 1070 potuerit
986 1024 1101 1070 atque
1131 1031 1321 1065 marasse,
1353 1018 1457 1069 quod
1477 1031 1525 1057 ne
1548 1019 1711 1058 diversis

193 1086 349 1138 quidem
380 1086 617 1126 carminibus
648 1088 772 1126 facere
802 1086 946 1133 debuit,
979 1086 1011 1126 si
1043 1087 1157 1126 modo
1188 1086 1305 1138 lyrico
1338 1087 1413 1126 huc
1443 1087 1533 1126 illuc
1562 1088 1711 1139 vaganti

195 1157 259 1205 (cf.
288 1157 334 1194 fr.
364 1155 434 1206 46)
464 1154 573 1194 licuit
603 1154 725 1193 varias
756 1155 877 1193 famas
908 1154 1141 1205 perlustrare
1172 1160 1287 1206 atque
1318 1154 1447 1202 etiam,
1487 1157 1591 1206 quod
1622 1156 1712 1195 fecit

194 1223 256 1262 ille
286 1225 470 1274 profecto,
502 1223 733 1262 examinare.
795 1223 869 1261 Sed
902 1216 1200 1262 habuerit‘sane
1232 1223 1325 1262 haec
1354 1223 1482 1262 fabula
1509 1225 1637 1264 locum
1670 1225 1708 1264 in

194 1290 348 1337 Helena,
379 1291 495 1329 altera
526 1290 565 1328 in
597 1290 766 1336 Orestia;
798 1291 900 1341 quod
932 1290 1066 1328 statuit
1097 1291 1284 1341 Bergkius
1314 1291 1355 1328 in
1385 1291 1596 1330 novissima
1627 1292 1709 1330 edi-

194 1359 309 1398 tione.
360 1359 408 1399 Et
437 1361 609 1411 profecto
631 1359 765 1411 quidni
787 1359 953 1399 fabulam
977 1372 1112 1399 eorum
1137 1383 1190 1388 -
1211 1358 1298 1399 licet
1321 1359 1532 1412 reprobans
1554 1359 1635 1412 ipse
1664 1385 1708 1388 --

193 1430 339 1468 referre
369 1433 532 1481 poterat,
564 1427 631 1480 qui
661 1427 736 1467 iam
769 1433 856 1466 ante
879 1427 1038 1466 Menelai
1059 1427 1282 1478 coniugium
1306 1428 1502 1479 peperisse
1525 1428 1709 1467 Helenam

193 1495 501 1535 contenderent?
547 1497 667 1535 Fuere
689 1496 803 1535 etiam
828 1496 1068 1548 (Euphorion
1091 1502 1129 1535 et
1149 1497 1362 1536 Alexander
1382 1497 1558 1536 Aetolus:
1591 1498 1708 1537 l'aus.

194 1564 218 1603 l.
240 1565 289 1612 c.)
320 1564 386 1616 qui
426 1565 522 1604 duas
557 1564 704 1604 fabulas
740 1564 964 1611 conflarent,
1004 1564 1055 1603 ita
1087 1571 1130 1604 ut
1160 1564 1303 1604 Helena
1335 1564 1505 1604 Menelao
1537 1572 1706 1617 nuptura

193 1632 429 1683 Iphigeniam
462 1645 549 1671 cum
573 1633 722 1672 Theseo
753 1639 978 1684 prognatam
1002 1633 1329 1684 Clytaemnestrae
1361 1633 1570 1672 subiecisse
1602 1633 1707 1672 dice-

194 1705 323 1747 retur;
341 1706 380 1739 at
390 1699 731 1752 Clytaemnestram
747 1700 969 1752 suppositae
980 1700 1077 1739 filiae
1094 1713 1186 1739 nece
1199 1701 1345 1740 crimen
1362 1713 1478 1740 suum
1493 1713 1707 1746 excusasse,

194 1780 310 1819 quam
332 1768 487 1819 quidem
511 1768 702 1820 duplicem
726 1769 899 1807 fraudem
918 1768 1094 1806 homines
1116 1768 1332 1819 perspicere
1354 1769 1570 1819 nequirent,
1593 1769 1629 1807 id
1653 1769 1711 1807 vel

193 1835 345 1874 ridiculi
355 1835 498 1886 aliquid
513 1836 682 1875 haberet.
704 1836 922 1887 Persequor
933 1836 1025 1874 haee
1038 1835 1141 1886 quod
1156 1848 1196 1874 re
1214 1848 1300 1874 vera
1318 1848 1396 1874 non
1408 1836 1503 1874 nulli
1518 1836 1648 1883 (Duris
1659 1836 1710 1886 38)

194 1910 232 1943 et
263 1903 507 1955 Lycophron)
539 1903 676 1943 Thesei
711 1903 826 1943 filiam
857 1903 1095 1955 Iphigeniam
1127 1916 1215 1942 cum
1249 1903 1425 1942 sacrificii
1455 1904 1581 1943 fabula
1612 1916 1709 1943 con—

192 1971 365 2012 iunxere.
400 1995 445 1999 —
482 1971 529 2011 Et
550 1971 867 2011 Wilamowitzius
897 1971 1055 2024 quidem
1087 1971 1254 2010 fabulam
1286 1984 1384 2023 quae
1414 1979 1474 2011 est
1496 1973 1542 2011 de
1565 1972 1707 2011 Helena

194 2053 214 2079 a
245 2040 393 2079 Theseo
424 2046 532 2091 rapta
554 2040 775 2079 Stesichoro
805 2040 1037 2080 abiudicavit
1066 2053 1196 2079 errore
1218 2040 1428 2080 Pausaniae
1450 2040 1652 2092 supposito
1673 2047 1712 2080 et

194 2107 456 2147 Rhamnusiae
486 2107 633 2159 regioni
663 2107 809 2147 tribuit.
869 2108 919 2147 At
949 2108 1015 2147 ubi
1046 2107 1091 2147 de
1111 2107 1308 2159 Iphigenia
1338 2113 1377 2147 et
1398 2107 1541 2147 Helena
1571 2108 1709 2159 agitur,

194 2175 364 2226 primum
397 2175 578 2214 audiendi
609 2182 701 2214 sunt
721 2176 1004 2226 Peloponnesii.
1064 2175 1116 2213 De
1136 2175 1333 2226 Iphigenia
1361 2175 1436 2214 iam
1460 2175 1606 2214 dictum
1639 2183 1709 2222 est,

195 2242 242 2282 de
263 2242 428 2282 Helenae
459 2242 642 2294 religione
673 2256 692 2282 a
724 2243 922 2295 Spartanis
952 2243 1035 2282 loco
1067 2243 1159 2282 deae
1189 2242 1365 2294 genitalis
1396 2248 1435 2282 et
1465 2243 1711 2283 obstetriciae

194 2311 320 2350 cultae
351 2317 515 2350 constat.
574 2311 706 2362 Neque
737 2311 896 2350 Athenis
927 2311 974 2349 de
1004 2311 1169 2350 Helenae
1201 2311 1319 2350 sacris
1352 2311 1473 2350 ullum
1506 2311 1711 2362 vestigium

195 2383 265 2418 est.
325 2378 368 2417 In
400 2378 666 2430 Peloponneso
696 2386 830 2418 contra
860 2385 1013 2431 praeter
1033 2379 1210 2431 Spartam
1242 2377 1429 2417 indicium
1464 2378 1709 2417 manifestum

195 2446 312 2485 habes
334 2446 443 2497 Argis
465 2446 596 2497 (Paus.
618 2447 651 2485 Π
673 2447 738 2494 22,
758 2448 797 2495 7)
829 2447 940 2486 cuius
963 2446 1002 2485 in
1032 2446 1304 2498 antiquissimo
1325 2447 1408 2485 loco
1432 2446 1598 2485 maxime
1618 2459 1712 2497 pro-

195 2514 338 2566 pinqua
375 2514 479 2554 inter
516 2528 555 2554 se
586 2521 697 2555 erant
726 2517 811 2555 fana
843 2515 1046 2555 Castorum
1078 2521 1116 2554 et
1146 2513 1426 2567 Leucippidum
1459 2520 1497 2554 et
1526 2513 1712 2566 Ilithyiae,

194 2581 310 2634 idque
342 2579 607 2636 ,,ἇνα’θημα“
639 2596 685 2622 ex
713 2580 880 2636 Ἑλένης
911 2588 1000 2621 voto
1031 2595 1120 2621 cum
1153 2582 1235 2634 ipsa
1266 2595 1287 2621 a
1314 2583 1465 2622 Theseo
1496 2589 1602 2635 rapta
1634 2585 1713 2622 fra-

196 2656 299 2690 trum
341 2663 412 2703 ope
450 2651 712 2692 reduceretur.
774 2652 902 2691 Sentis
932 2664 1030 2703 quae
1060 2650 1112 2690 sit
1141 2650 1205 2690 illa
1235 2650 1446 2703 Ilithyia39)
1477 2664 1566 2691 cum
1598 2651 1712 2691 Dios-

195 2719 298 2758 curis
328 2725 366 2759 et
387 2719 632 2772 Leucippidis
663 2719 881 2760 coniuncta.
942 2719 1083 2759 Eodem
1117 2719 1286 2770 pertinet
1315 2719 1417 2772 quod
1448 2719 1624 2771 proxima
1651 2720 1710 2759 his

307 2811 351 2851 ⁸⁸)
375 2810 487 2843 Schol.
516 2809 681 2852 Lycophr.
709 2811 773 2843 513
798 2809 952 2854 δώροις
978 2809 1018 2843 δὲ
1042 2810 1155 2853 λέ)ἐι;
1183 2811 1335 2843 correxit
1362 2810 1609 2843 Wilamonitz.

308 2869 349 2908 ⁸⁰)
375 2869 407 2900 id
433 2869 517 2910 quod
545 2878 608 2899 non
633 2867 719 2908 fugit
743 2867 925 2901 Useneruni
950 2878 1032 2900 nius.
1059 2869 1151 2900 rhen.
1177 2867 1298 2900 XXIII.
1325 2868 1347 2900 l.
1373 2880 1401 2900 c.
