1937 3315
228 267 275 307 ab
316 280 386 306 ovo
428 266 563 315 Ledae,
605 267 706 319 quod
746 267 903 318 Spartae
940 266 978 304 in
1017 264 1292 317 Leucippidum
1333 266 1421 304 fano
1461 262 1728 314 antiquissimo

228 334 496 373 Lacedamonii
541 334 613 375 sibi
658 346 810 373 servare
850 333 1090 373 videbantur.
1163 332 1255 371 Inde
1296 338 1374 372 tota
1413 330 1538 371 fabula
1577 331 1728 384 pendet.

227 402 324 442 Illud
355 409 483 443 autem
517 416 630 443 ovum
653 415 767 454 quam
800 408 881 442 arte
911 414 998 441 cum
1022 401 1143 441 Ledae
1164 413 1325 452 persona
1347 401 1546 440 cohaereat
1566 405 1728 439 constat.

226 470 326 522 Ergo
368 470 494 523 agitur
534 470 580 509 de
618 470 705 509 Iove
742 476 782 509 et
822 470 867 509 de
898 469 1010 509 Leda.
1071 469 1200 521 Itaque
1239 480 1327 507 cum
1368 467 1524 508 alterius
1561 467 1729 521 parentis

227 539 368 579 aviaria
398 542 519 579 forma
551 545 807 579 consentanea
838 538 899 585 sit,
930 538 961 578 is
989 539 1153 590 scriptor
1172 538 1375 589 genuinam
1399 537 1546 577 fabulae
1566 539 1728 576 formam

228 619 399 647 servasse
440 607 656 647 censendus
692 612 769 651 est,
810 606 876 658 qui
912 605 1052 646 Ledam
1094 617 1182 645 cum
1223 605 1309 645 Iove
1350 604 1485 644 coiisse
1526 618 1569 645 ex
1609 617 1730 658 eoque

227 688 342 714 ovum
383 675 577 727 peperisse
617 677 745 714 refert.
806 675 916 721 Quod
956 674 1057 713 inter
1087 675 1293 725 scriptores
1324 673 1552 726 superstites
1581 674 1730 725 primus

228 743 317 782 fecit
346 742 561 795 Euripides,
602 748 641 781 et
672 743 709 781 in
741 742 882 782 Helena
913 742 1088 794 quidem:
1131 741 1197 781 ubi
1236 741 1272 781 id
1309 743 1481 794 profecto
1511 747 1588 781 tam
1620 753 1731 793 saepe

227 810 378 862 repetit,
417 816 459 849 ut
499 810 586 849 novi
624 810 766 862 aliquid
805 810 951 849 civibus
982 809 1173 861 plerisque
1203 811 1375 861 proferre
1414 821 1501 848 eum
1540 815 1730 861 appareat.

227 878 516 918 Commemorat
546 878 584 917 in
616 878 774 930 prologo
808 880 858 918 17
876 891 971 930 sqq.,
1003 878 1041 917 in
1073 877 1215 930 parodo
1245 877 1326 916 214
1348 890 1444 929 sqq„
1476 882 1558 916 tum
1583 876 1663 917 258
1694 882 1732 916 et

233 947 355 993 1145,
397 953 454 986 tot
493 946 610 998 igitur
650 948 728 985 fere
768 946 861 985 locis
901 952 996 997 quot
1033 946 1198 997 fabulam
1239 946 1284 985 de
1325 945 1488 984 Helenae
1528 946 1732 985 simulacro

233 1014 386 1053 Troiam
420 1020 627 1066 asportato.
678 1014 755 1053 Nec
784 1027 862 1053 non
893 1014 931 1053 in
961 1013 1044 1053 aliis
1074 1013 1156 1052 eius
1186 1013 1321 1052 aetatis
1343 1012 1545 1064 tragoediis
1565 1026 1648 1052 eam
1670 1025 1731 1052 re-

230 1081 338 1133 petit,
356 1082 395 1120 in
414 1081 550 1120 Oreste
566 1080 674 1121 1385
702 1086 740 1120 et
755 1082 793 1120 in
812 1081 1004 1133 Iphigenia
1020 1081 1216 1120 Aulidensi
1235 1080 1333 1128 7933
1350 1081 1417 1132 qui
1433 1081 1539 1120 locus
1555 1080 1731 1133 inprimis

228 1149 502 1195 memorabilis,
533 1149 564 1188 si
594 1148 749 1200 quidem
781 1149 921 1188 diserte
943 1149 994 1187 ibi
1015 1161 1091 1188 non
1115 1162 1160 1188 ex
1181 1149 1310 1201 populi
1332 1151 1642 1199 narratiunculis,
1665 1152 1730 1191 sed

227 1229 271 1254 ex
294 1217 438 1268 scripto
460 1216 657 1256 veterioris
673 1222 806 1268 poetae
823 1218 991 1256 carmine
1007 1229 1089 1255 eam
1108 1216 1273 1255 fabulam
1292 1230 1332 1256 se
1349 1218 1537 1271 recepisse
1553 1225 1729 1259 testatur.

517 1282 595 1324 διὰ
625 1285 673 1323 σέ
700 1283 780 1324 τὰν
810 1283 969 1324 κύκνου
1000 1282 1302 1336 δολιχαύνενος
1332 1283 1473 1336 γόνον,

521 1352 560 1391 εἷ
590 1351 641 1405 δή
674 1348 805 1405 φάτις
836 1351 998 1403 ἔτυμος,

522 1414 579 1467 ὦς
610 1418 754 1471 ἔτυχεν
788 1418 918 1474 Λήδα

519 1485 672 1540 ὄρνιθ’
705 1485 928 1540 ἳπτοεμένῳ

523 1553 630 1601 Διὸς
662 1550 732 1594 ὅτ’
765 1550 966 1607 ἀλλάχθη
999 1552 1143 1607 δέμας,

523 1622 605 1660 εἴτ’
637 1621 683 1661 ἐν
713 1621 881 1668 δέλτοις
913 1623 1114 1673 Πιερίσιν

520 1689 659 1742 μῦθοι
689 1686 791 1729 τάδ’
823 1687 866 1736 ἐς
896 1685 1160 1742 ἀνθρώπους

522 1752 703 1809 ἤνεγκαν
733 1757 852 1810 παρὰ
884 1757 1037 1809 καιρὸν
1065 1755 1216 1804 ἄλλως.

340 1824 570 1875 Ceteroquin
598 1825 628 1864 si
650 1825 741 1876 quid
763 1826 800 1864 in
824 1825 1104 1876 antiquioribus
1125 1825 1277 1876 scriptis
1298 1826 1345 1864 de
1365 1826 1436 1865 hac
1465 1838 1505 1864 re
1526 1826 1731 1873 invenitur,

230 1892 408 1942 Sapphus
439 1891 522 1930 dico
553 1893 811 1943 fragmentum
845 1892 914 1939 (56
944 1892 1110 1943 Bergk),
1141 1892 1283 1931 dicitur
1312 1892 1412 1932 Leda
1443 1915 1496 1921 —
1526 1894 1600 1933 iam
1634 1900 1732 1933 tem-

230 1965 358 2010 perata
390 1960 559 1999 fabulosa
593 1961 646 1999 rei
677 1968 813 2000 natura
845 1983 897 1987 *-
927 1960 1141 2012 repperisse
1172 1973 1286 1999 ovum
1318 1960 1410 1999 illud
1441 1961 1600 2009 (scilieet
1629 1962 1733 2001 nulla

227 2027 435 2067 Nemeseos
458 2027 654 2067 mentione
674 2028 801 2079 facta).
842 2027 968 2075 Quare
988 2034 1121 2067 auctor
1136 2040 1252 2079 quem
1269 2027 1470 2080 Euripides
1493 2029 1733 2081 sequebatur,

227 2095 386 2147 propius
424 2096 555 2134 aberat
592 2096 639 2134 ab
678 2095 905 2147 antiquitate
944 2096 1139 2147 Spartana,
1179 2108 1256 2134 non
1297 2102 1469 2148 tempore
1506 2097 1538 2136 is
1577 2097 1731 2149 quidem

227 2163 453 2209 necessarie,
494 2163 560 2202 sed
601 2163 754 2203 natione
792 2169 830 2202 et
869 2162 1084 2202 carminum
1116 2164 1365 2214 argumentis.
1424 2164 1554 2211 Qualis
1584 2165 1658 2205 fuit
1690 2166 1733 2212 is,

228 2231 290 2270 cui
315 2231 456 2270 Helena
488 2232 649 2270 debetur
678 2231 884 2283 Euripidis
946 2232 1085 2270 Vereor
1113 2233 1200 2283 plus
1231 2233 1416 2271 disserere
1438 2233 1484 2271 de
1505 2233 1575 2272 hac
1605 2245 1731 2279 cauca,

228 2310 276 2336 ne
313 2298 547 2336 luculentam
579 2299 884 2349 probabilitatem
923 2299 978 2338 rei
1015 2312 1085 2351 pro
1122 2312 1162 2338 se
1192 2299 1273 2351 ipsa
1304 2300 1496 2350 loquentis
1527 2300 1730 2339 verborum

226 2366 387 2405 flumine
418 2365 641 2405 diffundam.
670 2390 722 2394 -

339 2500 406 2539 His
428 2502 611 2552 quoniam
635 2501 887 2549 ostendimus,
919 2508 1013 2553 quot
1033 2502 1072 2541 in
1095 2502 1210 2541 rebus
1230 2502 1425 2554 Euripidis
1446 2503 1607 2551 fabulae,
1636 2515 1733 2554 quae

226 2569 381 2619 quidem
426 2569 658 2608 novissimae
687 2576 821 2621 poetae
851 2570 986 2609 aetatis
1017 2576 1120 2617 sunt,
1157 2583 1244 2609 cum
1279 2570 1488 2610 Stesichori
1518 2572 1563 2610 de
1593 2571 1735 2609 Helena

225 2636 396 2676 carmine
428 2637 504 2686 (vel
534 2650 613 2676 uno
644 2637 702 2676 vel
734 2637 892 2689 duplici)
923 2637 974 2677 ita
1004 2637 1210 2678 concinant
1229 2645 1296 2678 aut
1316 2645 1420 2678 tanta
1449 2637 1736 2678 necessitudine

223 2705 464 2750 cohaereant,
496 2710 539 2743 ut
568 2704 657 2743 inde
688 2705 845 2745 fluxisse
874 2705 1033 2745 omnino
1064 2707 1276 2746 censendae
1307 2706 1397 2754 sint,
1428 2705 1631 2746 dimidium
1663 2716 1734 2743 ne-

224 2773 316 2824 gotii
346 2774 470 2824 egisse
503 2773 732 2819 videremur,
770 2774 800 2812 si
834 2775 907 2812 hoc
935 2776 1019 2813 loco
1050 2775 1352 2814 subsisteremus
1388 2786 1513 2825 neque
1548 2772 1733 2822 reliquam

225 2840 396 2880 eiusdem
430 2840 565 2892 poesin
596 2846 788 2892 quatenus
819 2842 955 2882 adierit
985 2842 1185 2894 Euripides
1215 2842 1540 2895 perquireremus.
