<?xml version="1.0" encoding="UTF-8"?>
<!DOCTYPE html PUBLIC "-//W3C//DTD XHTML 1.0 Transitional//EN"
    "http://www.w3.org/TR/xhtml1/DTD/xhtml1-transitional.dtd">
<html xmlns="http://www.w3.org/1999/xhtml" xml:lang="en" lang="en">
 <head>
  <title>
</title>
<meta http-equiv="Content-Type" content="text/html;charset=utf-8" />
  <meta name='ocr-system' content='tesseract 3.04.00' />
  <meta name='ocr-capabilities' content='ocr_page ocr_carea ocr_par ocr_line ocrx_word'/>
</head>
<body>
  <div class='ocr_page' id='page_1' title='image "./4625147_0055.png"; bbox 0 0 1937 3315; ppageno 0'>
   <div class='ocr_carea' id='block_1_1' title="bbox 795 159 1088 199">
    <p class='ocr_par' dir='ltr' id='par_1_1' title="bbox 795 159 1088 199">
     <span class='ocr_line' id='line_1_1' title="bbox 795 159 1088 199; baseline -0.007 -10"><span class='ocrx_word' id='word_1_1' title='bbox 795 159 1088 199; x_wconf 74' lang='lat'>-49-</span> 
     </span>
    </p>
   </div>
   <div class='ocr_carea' id='block_1_2' title="bbox 188 276 1702 2714">
    <p class='ocr_par' dir='ltr' id='par_1_2' title="bbox 188 276 1698 806">
     <span class='ocr_line' id='line_1_2' title="bbox 303 276 1698 328; baseline -0.001 -13"><span class='ocrx_word' id='word_1_2' title='bbox 303 277 342 316; x_wconf 83' lang='lat'>2.</span> <span class='ocrx_word' id='word_1_3' title='bbox 388 278 442 317; x_wconf 89' lang='lat' dir='ltr'>De</span> <span class='ocrx_word' id='word_1_4' title='bbox 466 278 522 317; x_wconf 87' lang='lat' dir='ltr'>Ilii</span> <span class='ocrx_word' id='word_1_5' title='bbox 543 276 690 316; x_wconf 88' lang='lat' dir='ltr'>excidio</span> <span class='ocrx_word' id='word_1_6' title='bbox 712 276 912 328; x_wconf 86' lang='lat' dir='ltr'>Euripides</span> <span class='ocrx_word' id='word_1_7' title='bbox 942 282 1137 328; x_wconf 85' lang='lat' dir='ltr'>praeterea</span> <span class='ocrx_word' id='word_1_8' title='bbox 1168 276 1315 315; x_wconf 87' lang='lat' dir='ltr'>cantica</span> <span class='ocrx_word' id='word_1_9' title='bbox 1346 276 1421 315; x_wconf 92' lang='lat' dir='ltr'>duo</span> <span class='ocrx_word' id='word_1_10' title='bbox 1452 276 1567 315; x_wconf 86' lang='lat' dir='ltr'>babet</span> <span class='ocrx_word' id='word_1_11' title='bbox 1596 276 1698 314; x_wconf 89' lang='lat' dir='ltr'>inter</span> 
     </span>
     <span class='ocr_line' id='line_1_3' title="bbox 191 343 1695 397; baseline -0.003 -11"><span class='ocrx_word' id='word_1_12' title='bbox 191 358 231 385; x_wconf 92' lang='lat' dir='ltr'>se</span> <span class='ocrx_word' id='word_1_13' title='bbox 261 345 428 386; x_wconf 86' lang='lat' dir='ltr'>maxime</span> <span class='ocrx_word' id='word_1_14' title='bbox 457 350 628 397; x_wconf 84' lang='lat' dir='ltr'>cognata,</span> <span class='ocrx_word' id='word_1_15' title='bbox 660 344 823 384; x_wconf 89' lang='lat' dir='ltr'>alterum</span> <span class='ocrx_word' id='word_1_16' title='bbox 855 344 894 384; x_wconf 93' lang='lat' dir='ltr'>in</span> <span class='ocrx_word' id='word_1_17' title='bbox 926 343 1138 384; x_wconf 86' lang='lat' dir='ltr'>Troadibus</span> <span class='ocrx_word' id='word_1_18' title='bbox 1168 343 1263 397; x_wconf 90' lang='lat' dir='ltr'>ipsis</span> <span class='ocrx_word' id='word_1_19' title='bbox 1294 343 1372 383; x_wconf 90' lang='lat'>511</span> <span class='ocrx_word' id='word_1_20' title='bbox 1398 356 1494 395; x_wconf 68' lang='lat' dir='ltr'>sqq„</span> <span class='ocrx_word' id='word_1_21' title='bbox 1531 343 1695 383; x_wconf 86' lang='lat' dir='ltr'>alterum</span> 
     </span>
     <span class='ocr_line' id='line_1_4' title="bbox 189 412 1696 467; baseline -0.002 -13"><span class='ocrx_word' id='word_1_22' title='bbox 189 414 227 453; x_wconf 90' lang='lat' dir='ltr'>in</span> <span class='ocrx_word' id='word_1_23' title='bbox 259 415 399 467; x_wconf 92' lang='lat' dir='ltr'>prioris</span> <span class='ocrx_word' id='word_1_24' title='bbox 429 414 563 454; x_wconf 88' lang='lat' dir='ltr'>aetatis</span> <span class='ocrx_word' id='word_1_25' title='bbox 586 413 789 464; x_wconf 81' lang='lat' dir='ltr'>tragoedia,</span> <span class='ocrx_word' id='word_1_26' title='bbox 812 412 967 452; x_wconf 87' lang='lat' dir='ltr'>Hecuba</span> <span class='ocrx_word' id='word_1_27' title='bbox 989 413 1069 452; x_wconf 84' lang='lat'>905</span> <span class='ocrx_word' id='word_1_28' title='bbox 1092 425 1173 464; x_wconf 87' lang='lat' dir='ltr'><strong>sqq.</strong></span> <span class='ocrx_word' id='word_1_29' title='bbox 1223 413 1266 451; x_wconf 93' lang='lat' dir='ltr'>In</span> <span class='ocrx_word' id='word_1_30' title='bbox 1290 418 1453 463; x_wconf 87' lang='lat' dir='ltr'>utraque</span> <span class='ocrx_word' id='word_1_31' title='bbox 1474 413 1561 463; x_wconf 93' lang='lat' dir='ltr'>equi</span> <span class='ocrx_word' id='word_1_32' title='bbox 1581 412 1696 463; x_wconf 86' lang='lat' dir='ltr'>lignei</span> 
     </span>
     <span class='ocr_line' id='line_1_5' title="bbox 188 480 1695 533; baseline -0.001 -11"><span class='ocrx_word' id='word_1_33' title='bbox 188 482 362 532; x_wconf 84' lang='lat' dir='ltr'>insidiae,</span> <span class='ocrx_word' id='word_1_34' title='bbox 402 482 655 522; x_wconf 88' lang='lat' dir='ltr'>Troianorum</span> <span class='ocrx_word' id='word_1_35' title='bbox 697 488 786 533; x_wconf 90' lang='lat' dir='ltr'>post</span> <span class='ocrx_word' id='word_1_36' title='bbox 824 483 965 521; x_wconf 88' lang='lat' dir='ltr'>festum</span> <span class='ocrx_word' id='word_1_37' title='bbox 1003 488 1215 533; x_wconf 89' lang='lat' dir='ltr'>cantusque</span> <span class='ocrx_word' id='word_1_38' title='bbox 1254 481 1370 521; x_wconf 90' lang='lat' dir='ltr'>modo</span> <span class='ocrx_word' id='word_1_39' title='bbox 1401 486 1535 533; x_wconf 86' lang='lat' dir='ltr'>coepta</span> <span class='ocrx_word' id='word_1_40' title='bbox 1573 480 1695 532; x_wconf 85' lang='lat' dir='ltr'>quies,</span> 
     </span>
     <span class='ocr_line' id='line_1_6' title="bbox 189 548 1694 601; baseline -0.003 -10"><span class='ocrx_word' id='word_1_41' title='bbox 189 556 403 591; x_wconf 88' lang='lat' dir='ltr'>nocturnus</span> <span class='ocrx_word' id='word_1_42' title='bbox 431 556 556 591; x_wconf 89' lang='lat' dir='ltr'>terror</span> <span class='ocrx_word' id='word_1_43' title='bbox 585 548 754 588; x_wconf 91' lang='lat' dir='ltr'>hostium</span> <span class='ocrx_word' id='word_1_44' title='bbox 781 549 1080 601; x_wconf 85' lang='lat' dir='ltr'>irrumpentium</span> <span class='ocrx_word' id='word_1_45' title='bbox 1112 555 1150 588; x_wconf 87' lang='lat' dir='ltr'>et</span> <span class='ocrx_word' id='word_1_46' title='bbox 1180 561 1248 601; x_wconf 88' lang='lat' dir='ltr'>per</span> <span class='ocrx_word' id='word_1_47' title='bbox 1278 550 1413 588; x_wconf 91' lang='lat' dir='ltr'>urbem</span> <span class='ocrx_word' id='word_1_48' title='bbox 1439 549 1694 600; x_wconf 84' lang='lat' dir='ltr'>grassantium</span> 
     </span>
     <span class='ocr_line' id='line_1_7' title="bbox 189 617 1694 671; baseline -0.003 -12"><span class='ocrx_word' id='word_1_49' title='bbox 189 618 460 671; x_wconf 85' lang='lat' dir='ltr'>depinguntur.</span> <span class='ocrx_word' id='word_1_50' title='bbox 507 617 609 656; x_wconf 91' lang='lat' dir='ltr'>Haec</span> <span class='ocrx_word' id='word_1_51' title='bbox 630 617 777 668; x_wconf 88' lang='lat' dir='ltr'>vulgata</span> <span class='ocrx_word' id='word_1_52' title='bbox 800 617 918 669; x_wconf 84' lang='lat' dir='ltr'>epicis</span> <span class='ocrx_word' id='word_1_53' title='bbox 939 617 1187 656; x_wconf 83' lang='lat' dir='ltr'>carminibus.</span> <span class='ocrx_word' id='word_1_54' title='bbox 1229 617 1359 657; x_wconf 90' lang='lat' dir='ltr'>Unum</span> <span class='ocrx_word' id='word_1_55' title='bbox 1381 624 1509 656; x_wconf 89' lang='lat' dir='ltr'>autem</span> <span class='ocrx_word' id='word_1_56' title='bbox 1534 630 1694 668; x_wconf 91' lang='lat' dir='ltr'>prorsus</span> 
     </span>
     <span class='ocr_line' id='line_1_8' title="bbox 188 685 1697 738; baseline -0.001 -11"><span class='ocrx_word' id='word_1_57' title='bbox 188 700 332 728; x_wconf 86' lang='lat' dir='ltr'>novum</span> <span class='ocrx_word' id='word_1_58' title='bbox 354 694 390 727; x_wconf 87' lang='lat' dir='ltr'>et</span> <span class='ocrx_word' id='word_1_59' title='bbox 413 686 605 738; x_wconf 84' lang='lat' dir='ltr'>singulare</span> <span class='ocrx_word' id='word_1_60' title='bbox 626 685 811 725; x_wconf 88' lang='lat' dir='ltr'>occurrit:</span> <span class='ocrx_word' id='word_1_61' title='bbox 836 685 975 725; x_wconf 86' lang='lat' dir='ltr'>Dianae</span> <span class='ocrx_word' id='word_1_62' title='bbox 992 685 1139 725; x_wconf 89' lang='lat' dir='ltr'>mentio</span> <span class='ocrx_word' id='word_1_63' title='bbox 1157 691 1355 738; x_wconf 88' lang='lat' dir='ltr'>tamquam</span> <span class='ocrx_word' id='word_1_64' title='bbox 1376 698 1552 725; x_wconf 90' lang='lat' dir='ltr'>summae</span> <span class='ocrx_word' id='word_1_65' title='bbox 1569 685 1660 725; x_wconf 90' lang='lat' dir='ltr'>deae</span> <span class='ocrx_word' id='word_1_66' title='bbox 1677 698 1697 724; x_wconf 85' lang='lat' dir='ltr'>a</span> 
     </span>
     <span class='ocr_line' id='line_1_9' title="bbox 188 753 1695 806; baseline -0.001 -11"><span class='ocrx_word' id='word_1_67' title='bbox 188 755 362 795; x_wconf 89' lang='lat' dir='ltr'>Troianis</span> <span class='ocrx_word' id='word_1_68' title='bbox 378 756 515 795; x_wconf 88' lang='lat' dir='ltr'>cultae.</span> <span class='ocrx_word' id='word_1_69' title='bbox 545 754 589 792; x_wconf 91' lang='lat' dir='ltr'>In</span> <span class='ocrx_word' id='word_1_70' title='bbox 608 753 762 793; x_wconf 89' lang='lat' dir='ltr'>Hecuba</span> <span class='ocrx_word' id='word_1_71' title='bbox 779 754 920 793; x_wconf 88' lang='lat' dir='ltr'>chorus</span> <span class='ocrx_word' id='word_1_72' title='bbox 937 755 1142 793; x_wconf 86' lang='lat' dir='ltr'>mulierum</span> <span class='ocrx_word' id='word_1_73' title='bbox 1161 754 1384 794; x_wconf 84' lang='lat' dir='ltr'>Troicarum</span> <span class='ocrx_word' id='word_1_74' title='bbox 1403 756 1580 806; x_wconf 86' lang='lat' dir='ltr'>queritur</span> <span class='ocrx_word' id='word_1_75' title='bbox 1596 754 1695 794; x_wconf 84' lang='lat'><strong>933:</strong></span> 
     </span>
    </p>

    <p class='ocr_par' dir='ltr' id='par_1_3' title="bbox 591 817 1299 875">
     <span class='ocr_line' id='line_1_10' title="bbox 591 817 1299 875; baseline 0.003 -15"><span class='ocrx_word' id='word_1_76' title='bbox 591 820 691 874; x_wconf 82' lang='grc' dir='ltr'><em>λέχη</em></span> <span class='ocrx_word' id='word_1_77' title='bbox 723 820 772 861; x_wconf 82' lang='grc' dir='ltr'>δὲ</span> <span class='ocrx_word' id='word_1_78' title='bbox 800 817 931 875; x_wconf 84' lang='grc' dir='ltr'><strong><em>φίλια</em></strong></span> <span class='ocrx_word' id='word_1_79' title='bbox 960 820 1299 874; x_wconf 54' lang='grc' dir='ltr'><strong><em>μονόπεπλοςὸἳ)</em></strong></span> 
     </span>
    </p>

    <p class='ocr_par' dir='ltr' id='par_1_4' title="bbox 583 885 1215 942">
     <span class='ocr_line' id='line_1_11' title="bbox 583 885 1215 942; baseline 0 -14"><span class='ocrx_word' id='word_1_80' title='bbox 583 887 795 937; x_wconf 82' lang='grc' dir='ltr'><strong><em>λιποῦσα,</em></strong></span> <span class='ocrx_word' id='word_1_81' title='bbox 829 888 975 942; x_wconf 82' lang='grc' dir='ltr'><strong><em>Δωρὶς</em></strong></span> <span class='ocrx_word' id='word_1_82' title='bbox 1005 885 1060 936; x_wconf 76' lang='grc' dir='ltr'>ὥς</span> <span class='ocrx_word' id='word_1_83' title='bbox 1090 887 1215 941; x_wconf 79' lang='grc' dir='ltr'><strong><em>κόρα,</em></strong></span> 
     </span>
    </p>

    <p class='ocr_par' dir='ltr' id='par_1_5' title="bbox 585 954 1030 1010">
     <span class='ocr_line' id='line_1_12' title="bbox 585 954 1030 1010; baseline 0 -14"><span class='ocrx_word' id='word_1_84' title='bbox 585 956 746 1009; x_wconf 82' lang='grc' dir='ltr'><strong><em>σεμνὰν</em></strong></span> <span class='ocrx_word' id='word_1_85' title='bbox 776 954 1030 1010; x_wconf 78' lang='grc' dir='ltr'><strong><em>προςίζουσ’</em></strong></span> 
     </span>
    </p>

    <p class='ocr_par' dir='ltr' id='par_1_6' title="bbox 189 1021 1697 1271">
     <span class='ocr_line' id='line_1_13' title="bbox 586 1021 1312 1079; baseline 0 -14"><span class='ocrx_word' id='word_1_86' title='bbox 586 1021 662 1065; x_wconf 71' lang='grc' dir='ltr'>οὔκ</span> <span class='ocrx_word' id='word_1_87' title='bbox 692 1022 815 1079; x_wconf 79' lang='grc' dir='ltr'><strong><em>ἢνυσ’</em></strong></span> <span class='ocrx_word' id='word_1_88' title='bbox 837 1022 1039 1079; x_wconf 79' lang='grc' dir='ltr'><strong><em>’Ἀρτεμιν</em></strong></span> <span class='ocrx_word' id='word_1_89' title='bbox 1069 1022 1097 1064; x_wconf 84' lang='grc' dir='ltr'><em>ἁ</em></span> <span class='ocrx_word' id='word_1_90' title='bbox 1127 1022 1312 1078; x_wconf 79' lang='grc' dir='ltr'><strong><em>τλάμων.</em></strong></span> 
     </span>
     <span class='ocr_line' id='line_1_14' title="bbox 189 1093 1696 1146; baseline -0.001 -12"><span class='ocrx_word' id='word_1_91' title='bbox 189 1094 424 1146; x_wconf 84' lang='lat' dir='ltr'>Confugiunt</span> <span class='ocrx_word' id='word_1_92' title='bbox 450 1105 540 1145; x_wconf 82' lang='lat' dir='ltr'>ergo</span> <span class='ocrx_word' id='word_1_93' title='bbox 567 1094 748 1133; x_wconf 90' lang='lat' dir='ltr'>mulieres</span> <span class='ocrx_word' id='word_1_94' title='bbox 770 1094 946 1133; x_wconf 88' lang='lat' dir='ltr'>hostibus</span> <span class='ocrx_word' id='word_1_95' title='bbox 967 1094 1275 1145; x_wconf 86' lang='lat' dir='ltr'>irrumpentibus</span> <span class='ocrx_word' id='word_1_96' title='bbox 1296 1094 1342 1133; x_wconf 89' lang='lat' dir='ltr'>ad</span> <span class='ocrx_word' id='word_1_97' title='bbox 1365 1093 1504 1132; x_wconf 88' lang='lat' dir='ltr'>Dianae</span> <span class='ocrx_word' id='word_1_98' title='bbox 1527 1093 1696 1144; x_wconf 85' lang='lat' dir='ltr'>signum,</span> 
     </span>
     <span class='ocr_line' id='line_1_15' title="bbox 189 1161 1697 1213; baseline -0.001 -11"><span class='ocrx_word' id='word_1_99' title='bbox 189 1163 288 1203; x_wconf 85' lang='lat' dir='ltr'>sicut</span> <span class='ocrx_word' id='word_1_100' title='bbox 317 1162 541 1213; x_wconf 84' lang='lat' dir='ltr'>ceteroquin</span> <span class='ocrx_word' id='word_1_101' title='bbox 572 1163 617 1201; x_wconf 90' lang='lat' dir='ltr'>ad</span> <span class='ocrx_word' id='word_1_102' title='bbox 641 1162 844 1201; x_wconf 89' lang='lat' dir='ltr'>Minervae.</span> <span class='ocrx_word' id='word_1_103' title='bbox 904 1162 999 1201; x_wconf 89' lang='lat' dir='ltr'>Item</span> <span class='ocrx_word' id='word_1_104' title='bbox 1021 1162 1111 1201; x_wconf 91' lang='lat' dir='ltr'>Tro.</span> <span class='ocrx_word' id='word_1_105' title='bbox 1135 1162 1211 1201; x_wconf 87' lang='lat'>551</span> <span class='ocrx_word' id='word_1_106' title='bbox 1246 1162 1291 1201; x_wconf 90' lang='lat' dir='ltr'>de</span> <span class='ocrx_word' id='word_1_107' title='bbox 1322 1164 1420 1201; x_wconf 86' lang='lat' dir='ltr'>festo</span> <span class='ocrx_word' id='word_1_108' title='bbox 1451 1161 1579 1213; x_wconf 91' lang='lat' dir='ltr'>paullo</span> <span class='ocrx_word' id='word_1_109' title='bbox 1609 1168 1697 1201; x_wconf 86' lang='lat' dir='ltr'>ante</span> 
     </span>
     <span class='ocr_line' id='line_1_16' title="bbox 189 1231 397 1271; baseline -0.01 0"><span class='ocrx_word' id='word_1_110' title='bbox 189 1231 397 1271; x_wconf 90' lang='lat' dir='ltr'>celebrato:</span> 
     </span>
    </p>

    <p class='ocr_par' dir='ltr' id='par_1_7' title="bbox 565 1296 1099 1351">
     <span class='ocr_line' id='line_1_17' title="bbox 565 1296 1099 1351; baseline -0.002 -14"><span class='ocrx_word' id='word_1_111' title='bbox 565 1296 646 1348; x_wconf 77' lang='grc' dir='ltr'>ἐγώ</span> <span class='ocrx_word' id='word_1_112' title='bbox 678 1296 727 1337; x_wconf 77' lang='grc' dir='ltr'>δὲ</span> <span class='ocrx_word' id='word_1_113' title='bbox 756 1296 835 1337; x_wconf 82' lang='grc' dir='ltr'>ταν</span> <span class='ocrx_word' id='word_1_114' title='bbox 865 1296 1099 1351; x_wconf 80' lang='grc' dir='ltr'><em>ὀρεστέραν</em></span> 
     </span>
    </p>

    <p class='ocr_par' dir='ltr' id='par_1_8' title="bbox 574 1362 1307 1419">
     <span class='ocr_line' id='line_1_18' title="bbox 574 1362 1307 1419; baseline -0.001 -14"><span class='ocrx_word' id='word_1_115' title='bbox 574 1365 666 1406; x_wconf 86' lang='grc' dir='ltr'><strong><em>τότ’</em></strong></span> <span class='ocrx_word' id='word_1_116' title='bbox 698 1362 813 1419; x_wconf 77' lang='grc' dir='ltr'><strong><em>ἀμφὶ</em></strong></span> <span class='ocrx_word' id='word_1_117' title='bbox 844 1363 1049 1418; x_wconf 77' lang='grc' dir='ltr'><strong><em>μέλαθρα</em></strong></span> <span class='ocrx_word' id='word_1_118' title='bbox 1080 1366 1307 1418; x_wconf 73' lang='grc' dir='ltr'><strong><em>παρθένον</em></strong></span> 
     </span>
    </p>

    <p class='ocr_par' dir='ltr' id='par_1_9' title="bbox 569 1430 1124 1487">
     <span class='ocr_line' id='line_1_19' title="bbox 569 1430 1124 1487; baseline -0.002 -14"><span class='ocrx_word' id='word_1_119' title='bbox 569 1433 677 1480; x_wconf 83' lang='grc' dir='ltr'><strong><em>Διὸς</em></strong></span> <span class='ocrx_word' id='word_1_120' title='bbox 707 1430 838 1486; x_wconf 86' lang='grc' dir='ltr'><strong><em>κόραν</em></strong></span> <span class='ocrx_word' id='word_1_121' title='bbox 867 1430 1124 1487; x_wconf 77' lang='grc' dir='ltr'><strong><em>ἐμελπόμαν</em></strong></span> 
     </span>
    </p>

    <p class='ocr_par' dir='ltr' id='par_1_10' title="bbox 566 1495 1141 1555">
     <span class='ocr_line' id='line_1_20' title="bbox 566 1495 1141 1555; baseline -0.002 -13"><span class='ocrx_word' id='word_1_122' title='bbox 566 1508 757 1555; x_wconf 83' lang='grc' dir='ltr'><strong><em>χοροῖσι·</em></strong></span> <span class='ocrx_word' id='word_1_123' title='bbox 791 1504 947 1555; x_wconf 79' lang='grc' dir='ltr'><strong><em>φοινία</em></strong></span> <span class='ocrx_word' id='word_1_124' title='bbox 976 1500 1023 1542; x_wconf 77' lang='grc' dir='ltr'>δ’</span> <span class='ocrx_word' id='word_1_125' title='bbox 1054 1495 1141 1542; x_wconf 77' lang='grc' dir='ltr'><strong><em>α’νὰ</em></strong></span> 
     </span>
    </p>

    <p class='ocr_par' dir='ltr' id='par_1_11' title="bbox 565 1568 1180 1623">
     <span class='ocr_line' id='line_1_21' title="bbox 565 1568 1180 1623; baseline -0.008 -12"><span class='ocrx_word' id='word_1_126' title='bbox 565 1568 723 1611; x_wconf 81' lang='grc' dir='ltr'><strong><em>πτόλιν</em></strong></span> <span class='ocrx_word' id='word_1_127' title='bbox 753 1569 839 1622; x_wconf 84' lang='grc' dir='ltr'>βοὰ</span> <span class='ocrx_word' id='word_1_128' title='bbox 868 1576 1038 1621; x_wconf 81' lang='grc' dir='ltr'><strong><em>κατεῖχε</em></strong></span> <span class='ocrx_word' id='word_1_129' title='bbox 1070 1571 1180 1623; x_wconf 81' lang='grc' dir='ltr'><strong><em>Περ-</em></strong></span> 
     </span>
    </p>

    <p class='ocr_par' dir='ltr' id='par_1_12' title="bbox 565 1636 1300 1692">
     <span class='ocr_line' id='line_1_22' title="bbox 565 1636 1300 1692; baseline -0.004 -12"><span class='ocrx_word' id='word_1_130' title='bbox 565 1638 716 1692; x_wconf 77' lang='grc' dir='ltr'><strong><em>γάμων</em></strong></span> <span class='ocrx_word' id='word_1_131' title='bbox 746 1638 896 1692; x_wconf 75' lang='grc' dir='ltr'><strong><em>ἕδρας·</em></strong></span> <span class='ocrx_word' id='word_1_132' title='bbox 927 1639 1065 1691; x_wconf 82' lang='grc' dir='ltr'><strong><em>βρέφη</em></strong></span> <span class='ocrx_word' id='word_1_133' title='bbox 1097 1636 1146 1678; x_wconf 81' lang='grc' dir='ltr'>δὲ</span> <span class='ocrx_word' id='word_1_134' title='bbox 1176 1636 1300 1691; x_wconf 77' lang='grc' dir='ltr'><strong><em>φίλι-</em></strong></span> 
     </span>
    </p>

    <p class='ocr_par' dir='ltr' id='par_1_13' title="bbox 568 1703 1252 1759">
     <span class='ocr_line' id='line_1_23' title="bbox 568 1703 1252 1759; baseline -0.004 -13"><span class='ocrx_word' id='word_1_135' title='bbox 568 1722 596 1746; x_wconf 93' lang='grc' dir='ltr'><strong><em>α</em></strong></span> <span class='ocrx_word' id='word_1_136' title='bbox 626 1706 727 1759; x_wconf 77' lang='grc' dir='ltr'><strong><em>περὶ</em></strong></span> <span class='ocrx_word' id='word_1_137' title='bbox 760 1704 954 1752; x_wconf 79' lang='grc' dir='ltr'><strong><em>πέπλους</em></strong></span> <span class='ocrx_word' id='word_1_138' title='bbox 985 1703 1139 1757; x_wconf 72' lang='grc' dir='ltr'><strong><em>ἔβαλλε</em></strong></span> <span class='ocrx_word' id='word_1_139' title='bbox 1170 1720 1252 1757; x_wconf 83' lang='grc' dir='ltr'><strong><em>μα-</em></strong></span> 
     </span>
    </p>

    <p class='ocr_par' dir='ltr' id='par_1_14' title="bbox 566 1772 1131 1828">
     <span class='ocr_line' id='line_1_24' title="bbox 566 1772 1131 1828; baseline -0.004 -13"><span class='ocrx_word' id='word_1_140' title='bbox 566 1775 633 1826; x_wconf 82' lang='grc' dir='ltr'>τρὶ</span> <span class='ocrx_word' id='word_1_141' title='bbox 663 1782 811 1828; x_wconf 81' lang='grc' dir='ltr'><strong><em>χεῖρας</em></strong></span> <span class='ocrx_word' id='word_1_142' title='bbox 842 1772 1131 1827; x_wconf 66' lang='grc' dir='ltr'><strong><em>ἐπτοημένας·</em></strong></span> 
     </span>
    </p>

    <p class='ocr_par' dir='ltr' id='par_1_15' title="bbox 567 1838 1149 1894">
     <span class='ocr_line' id='line_1_25' title="bbox 567 1838 1149 1894; baseline -0.003 -13"><span class='ocrx_word' id='word_1_143' title='bbox 567 1840 696 1893; x_wconf 83' lang='grc' dir='ltr'><strong><em>λόχου</em></strong></span> <span class='ocrx_word' id='word_1_144' title='bbox 727 1841 769 1881; x_wconf 82' lang='grc' dir='ltr'>δ’</span> <span class='ocrx_word' id='word_1_145' title='bbox 801 1841 988 1893; x_wconf 78' lang='grc' dir='ltr'><strong><em>εξέβαιν’</em></strong></span> <span class='ocrx_word' id='word_1_146' title='bbox 1011 1838 1149 1894; x_wconf 76' lang='grc' dir='ltr'><strong><em>Ἄρης,</em></strong></span> 
     </span>
    </p>

    <p class='ocr_par' dir='ltr' id='par_1_16' title="bbox 189 1907 1702 2714">
     <span class='ocr_line' id='line_1_26' title="bbox 567 1907 1110 1963; baseline -0.004 -13"><span class='ocrx_word' id='word_1_147' title='bbox 567 1908 698 1963; x_wconf 86' lang='grc' dir='ltr'><strong><em>κόρας</em></strong></span> <span class='ocrx_word' id='word_1_148' title='bbox 729 1908 833 1963; x_wconf 78' lang='grc' dir='ltr'><strong><em>ἔργα</em></strong></span> <span class='ocrx_word' id='word_1_149' title='bbox 866 1907 1110 1957; x_wconf 81' lang='grc' dir='ltr'><strong><em>Παλλάδος.</em></strong></span> 
     </span>
     <span class='ocr_line' id='line_1_27' title="bbox 189 1976 1699 2028; baseline -0.001 -10"><span class='ocrx_word' id='word_1_150' title='bbox 189 1980 291 2018; x_wconf 90' lang='lat' dir='ltr'>Haec</span> <span class='ocrx_word' id='word_1_151' title='bbox 310 1984 349 2018; x_wconf 86' lang='lat' dir='ltr'>et</span> <span class='ocrx_word' id='word_1_152' title='bbox 368 1978 407 2017; x_wconf 89' lang='lat' dir='ltr'>in</span> <span class='ocrx_word' id='word_1_153' title='bbox 429 1978 538 2018; x_wconf 91' lang='lat' dir='ltr'>laetis</span> <span class='ocrx_word' id='word_1_154' title='bbox 559 1984 597 2017; x_wconf 93' lang='lat' dir='ltr'>et</span> <span class='ocrx_word' id='word_1_155' title='bbox 617 1978 655 2017; x_wconf 92' lang='lat' dir='ltr'>in</span> <span class='ocrx_word' id='word_1_156' title='bbox 677 1977 847 2017; x_wconf 89' lang='lat' dir='ltr'>adversis</span> <span class='ocrx_word' id='word_1_157' title='bbox 868 1977 985 2016; x_wconf 92' lang='lat' dir='ltr'>rebus</span> <span class='ocrx_word' id='word_1_158' title='bbox 1001 1989 1120 2028; x_wconf 90' lang='lat' dir='ltr'>aequa</span> <span class='ocrx_word' id='word_1_159' title='bbox 1137 1976 1277 2015; x_wconf 84' lang='lat' dir='ltr'>Dianae</span> <span class='ocrx_word' id='word_1_160' title='bbox 1298 1978 1430 2028; x_wconf 86' lang='lat' dir='ltr'>religio</span> <span class='ocrx_word' id='word_1_161' title='bbox 1451 1978 1621 2017; x_wconf 87' lang='lat' dir='ltr'>ostendit</span> <span class='ocrx_word' id='word_1_162' title='bbox 1642 1979 1699 2016; x_wconf 84' lang='lat' dir='ltr'>vel</span> 
     </span>
     <span class='ocr_line' id='line_1_28' title="bbox 190 2045 1701 2099; baseline 0 -12"><span class='ocrx_word' id='word_1_163' title='bbox 190 2054 292 2087; x_wconf 89' lang='lat' dir='ltr'>certe</span> <span class='ocrx_word' id='word_1_164' title='bbox 313 2047 507 2098; x_wconf 87' lang='lat' dir='ltr'>probabile</span> <span class='ocrx_word' id='word_1_165' title='bbox 529 2047 666 2092; x_wconf 87' lang='lat' dir='ltr'>reddit,</span> <span class='ocrx_word' id='word_1_166' title='bbox 697 2059 775 2085; x_wconf 91' lang='lat' dir='ltr'>non</span> <span class='ocrx_word' id='word_1_167' title='bbox 797 2046 957 2085; x_wconf 85' lang='lat' dir='ltr'>fortuito</span> <span class='ocrx_word' id='word_1_168' title='bbox 979 2045 1080 2085; x_wconf 92' lang='lat' dir='ltr'>illius</span> <span class='ocrx_word' id='word_1_169' title='bbox 1104 2045 1339 2085; x_wconf 85' lang='lat' dir='ltr'>mentionem</span> <span class='ocrx_word' id='word_1_170' title='bbox 1363 2046 1546 2094; x_wconf 87' lang='lat' dir='ltr'>incidere,</span> <span class='ocrx_word' id='word_1_171' title='bbox 1576 2060 1701 2099; x_wconf 88' lang='lat' dir='ltr'>neque</span> 
     </span>
     <span class='ocr_line' id='line_1_29' title="bbox 191 2113 1701 2166; baseline -0.003 -10"><span class='ocrx_word' id='word_1_172' title='bbox 191 2116 302 2156; x_wconf 90' lang='lat' dir='ltr'>unice</span> <span class='ocrx_word' id='word_1_173' title='bbox 323 2127 369 2155; x_wconf 86' lang='lat' dir='ltr'>ex</span> <span class='ocrx_word' id='word_1_174' title='bbox 388 2114 614 2154; x_wconf 84' lang='lat' dir='ltr'>Atheniensi</span> <span class='ocrx_word' id='word_1_175' title='bbox 641 2114 834 2166; x_wconf 81' lang='lat' dir='ltr'>religione,</span> <span class='ocrx_word' id='word_1_176' title='bbox 868 2113 931 2153; x_wconf 90' lang='lat' dir='ltr'>ubi</span> <span class='ocrx_word' id='word_1_177' title='bbox 954 2113 1071 2152; x_wconf 87' lang='lat' dir='ltr'>Diana</span> <span class='ocrx_word' id='word_1_178' title='bbox 1104 2113 1267 2152; x_wconf 85' lang='lat' dir='ltr'>maxime</span> <span class='ocrx_word' id='word_1_179' title='bbox 1297 2114 1413 2152; x_wconf 89' lang='lat' dir='ltr'>rebus</span> <span class='ocrx_word' id='word_1_180' title='bbox 1444 2114 1701 2153; x_wconf 86' lang='lat' dir='ltr'>muliebribus</span> 
     </span>
     <span class='ocr_line' id='line_1_30' title="bbox 189 2183 1702 2236; baseline 0.001 -13"><span class='ocrx_word' id='word_1_181' title='bbox 189 2190 375 2235; x_wconf 85' lang='lat' dir='ltr'>praeerat,</span> <span class='ocrx_word' id='word_1_182' title='bbox 398 2196 482 2222; x_wconf 88' lang='lat' dir='ltr'>esse</span> <span class='ocrx_word' id='word_1_183' title='bbox 503 2184 762 2235; x_wconf 89' lang='lat' dir='ltr'>repetendam,</span> <span class='ocrx_word' id='word_1_184' title='bbox 786 2184 852 2223; x_wconf 90' lang='lat' dir='ltr'>sed</span> <span class='ocrx_word' id='word_1_185' title='bbox 874 2184 912 2222; x_wconf 91' lang='lat' dir='ltr'>in</span> <span class='ocrx_word' id='word_1_186' title='bbox 929 2197 974 2222; x_wconf 92' lang='lat' dir='ltr'>eo</span> <span class='ocrx_word' id='word_1_187' title='bbox 995 2189 1151 2223; x_wconf 87' lang='lat' dir='ltr'>auctore</span> <span class='ocrx_word' id='word_1_188' title='bbox 1167 2196 1283 2234; x_wconf 89' lang='lat' dir='ltr'>quem</span> <span class='ocrx_word' id='word_1_189' title='bbox 1303 2183 1507 2235; x_wconf 88' lang='lat' dir='ltr'>utrobique</span> <span class='ocrx_word' id='word_1_190' title='bbox 1526 2184 1702 2236; x_wconf 86' lang='lat' dir='ltr'>sequitur</span> 
     </span>
     <span class='ocr_line' id='line_1_31' title="bbox 192 2249 1700 2304; baseline -0.001 -13"><span class='ocrx_word' id='word_1_191' title='bbox 192 2250 404 2304; x_wconf 85' lang='lat' dir='ltr'>Euripides,</span> <span class='ocrx_word' id='word_1_192' title='bbox 436 2262 457 2289; x_wconf 89' lang='lat' dir='ltr'>a</span> <span class='ocrx_word' id='word_1_193' title='bbox 478 2249 594 2290; x_wconf 87' lang='lat' dir='ltr'>Diana</span> <span class='ocrx_word' id='word_1_194' title='bbox 625 2250 794 2302; x_wconf 88' lang='lat' dir='ltr'>primum</span> <span class='ocrx_word' id='word_1_195' title='bbox 825 2250 933 2290; x_wconf 90' lang='lat' dir='ltr'>illum</span> <span class='ocrx_word' id='word_1_196' title='bbox 964 2251 1148 2290; x_wconf 85' lang='lat' dir='ltr'>Troianae</span> <span class='ocrx_word' id='word_1_197' title='bbox 1179 2252 1373 2303; x_wconf 85' lang='lat' dir='ltr'>religionis</span> <span class='ocrx_word' id='word_1_198' title='bbox 1404 2252 1530 2291; x_wconf 91' lang='lat' dir='ltr'>locum</span> <span class='ocrx_word' id='word_1_199' title='bbox 1566 2252 1700 2296; x_wconf 73' lang='lat' dir='ltr'>teneri,</span> 
     </span>
     <span class='ocr_line' id='line_1_32' title="bbox 190 2319 1699 2373; baseline 0.002 -16"><span class='ocrx_word' id='word_1_200' title='bbox 190 2332 305 2370; x_wconf 90' lang='lat' dir='ltr'>quem</span> <span class='ocrx_word' id='word_1_201' title='bbox 324 2319 516 2357; x_wconf 91' lang='lat' dir='ltr'>Homerus</span> <span class='ocrx_word' id='word_1_202' title='bbox 533 2321 726 2370; x_wconf 87' lang='lat' dir='ltr'>ceterique</span> <span class='ocrx_word' id='word_1_203' title='bbox 743 2319 854 2371; x_wconf 89' lang='lat' dir='ltr'>epici,</span> <span class='ocrx_word' id='word_1_204' title='bbox 876 2319 942 2370; x_wconf 93' lang='lat' dir='ltr'>qui</span> <span class='ocrx_word' id='word_1_205' title='bbox 959 2320 1112 2371; x_wconf 90' lang='lat' dir='ltr'>quidem</span> <span class='ocrx_word' id='word_1_206' title='bbox 1133 2321 1397 2360; x_wconf 89' lang='lat' dir='ltr'>monumentis</span> <span class='ocrx_word' id='word_1_207' title='bbox 1414 2321 1699 2373; x_wconf 83' lang='lat' dir='ltr'>exprimuntur,</span> 
     </span>
     <span class='ocr_line' id='line_1_33' title="bbox 191 2386 1701 2440; baseline 0.001 -14"><span class='ocrx_word' id='word_1_208' title='bbox 191 2387 381 2427; x_wconf 89' lang='lat' dir='ltr'>Minervae</span> <span class='ocrx_word' id='word_1_209' title='bbox 417 2386 625 2439; x_wconf 87' lang='lat' dir='ltr'>assignant.</span> <span class='ocrx_word' id='word_1_210' title='bbox 685 2387 852 2440; x_wconf 87' lang='lat' dir='ltr'>Apparet</span> <span class='ocrx_word' id='word_1_211' title='bbox 888 2387 949 2426; x_wconf 89' lang='lat' dir='ltr'>hic</span> <span class='ocrx_word' id='word_1_212' title='bbox 978 2388 1110 2427; x_wconf 85' lang='lat' dir='ltr'>eadem</span> <span class='ocrx_word' id='word_1_213' title='bbox 1142 2388 1348 2428; x_wconf 88' lang='lat' dir='ltr'>numinum</span> <span class='ocrx_word' id='word_1_214' title='bbox 1380 2389 1611 2440; x_wconf 84' lang='lat' dir='ltr'>ambiguitas</span> <span class='ocrx_word' id='word_1_215' title='bbox 1642 2396 1701 2428; x_wconf 87' lang='lat' dir='ltr'>at-</span> 
     </span>
     <span class='ocr_line' id='line_1_34' title="bbox 190 2455 1700 2506; baseline 0.002 -12"><span class='ocrx_word' id='word_1_216' title='bbox 190 2468 265 2506; x_wconf 91' lang='lat' dir='ltr'>que</span> <span class='ocrx_word' id='word_1_217' title='bbox 296 2456 336 2494; x_wconf 94' lang='lat' dir='ltr'>in</span> <span class='ocrx_word' id='word_1_218' title='bbox 368 2455 510 2506; x_wconf 76' lang='lat' dir='ltr'>Chryse</span> <span class='ocrx_word' id='word_1_219' title='bbox 541 2455 667 2494; x_wconf 85' lang='lat' dir='ltr'>affinis</span> <span class='ocrx_word' id='word_1_220' title='bbox 696 2456 770 2494; x_wconf 87' lang='lat' dir='ltr'>loci</span> <span class='ocrx_word' id='word_1_221' title='bbox 801 2456 881 2501; x_wconf 89' lang='lat' dir='ltr'>dea,</span> <span class='ocrx_word' id='word_1_222' title='bbox 917 2468 1015 2506; x_wconf 90' lang='lat' dir='ltr'>quae</span> <span class='ocrx_word' id='word_1_223' title='bbox 1046 2469 1151 2495; x_wconf 92' lang='lat' dir='ltr'>nunc</span> <span class='ocrx_word' id='word_1_224' title='bbox 1181 2457 1362 2504; x_wconf 82' lang='lat' dir='ltr'>Minerva,</span> <span class='ocrx_word' id='word_1_225' title='bbox 1398 2471 1503 2497; x_wconf 91' lang='lat' dir='ltr'>nunc</span> <span class='ocrx_word' id='word_1_226' title='bbox 1534 2458 1650 2497; x_wconf 86' lang='lat' dir='ltr'>Diana</span> <span class='ocrx_word' id='word_1_227' title='bbox 1681 2471 1700 2496; x_wconf 82' lang='lat' dir='ltr'>a</span> 
     </span>
     <span class='ocr_line' id='line_1_35' title="bbox 190 2521 1702 2575; baseline 0.005 -16"><span class='ocrx_word' id='word_1_228' title='bbox 190 2521 383 2561; x_wconf 89' lang='lat' dir='ltr'>veteribus</span> <span class='ocrx_word' id='word_1_229' title='bbox 420 2522 644 2574; x_wconf 88' lang='lat' dir='ltr'>appellatur.</span> <span class='ocrx_word' id='word_1_230' title='bbox 705 2523 753 2562; x_wconf 88' lang='lat' dir='ltr'>Et</span> <span class='ocrx_word' id='word_1_231' title='bbox 792 2523 881 2562; x_wconf 89' lang='lat' dir='ltr'>huic</span> <span class='ocrx_word' id='word_1_232' title='bbox 918 2523 1072 2575; x_wconf 90' lang='lat' dir='ltr'>quidem</span> <span class='ocrx_word' id='word_1_233' title='bbox 1112 2524 1205 2575; x_wconf 92' lang='lat' dir='ltr'>quin</span> <span class='ocrx_word' id='word_1_234' title='bbox 1245 2525 1384 2565; x_wconf 87' lang='lat' dir='ltr'>Dianae</span> <span class='ocrx_word' id='word_1_235' title='bbox 1425 2537 1568 2565; x_wconf 91' lang='lat' dir='ltr'>nomen</span> <span class='ocrx_word' id='word_1_236' title='bbox 1607 2539 1702 2565; x_wconf 88' lang='lat' dir='ltr'>cou-</span> 
     </span>
     <span class='ocr_line' id='line_1_36' title="bbox 190 2589 1699 2646; baseline 0.003 -18"><span class='ocrx_word' id='word_1_237' title='bbox 190 2589 329 2638; x_wconf 82' lang='lat' dir='ltr'>veniat,</span> <span class='ocrx_word' id='word_1_238' title='bbox 360 2589 521 2629; x_wconf 89' lang='lat' dir='ltr'>dubium</span> <span class='ocrx_word' id='word_1_239' title='bbox 553 2603 629 2630; x_wconf 91' lang='lat' dir='ltr'>non</span> <span class='ocrx_word' id='word_1_240' title='bbox 660 2597 730 2638; x_wconf 86' lang='lat' dir='ltr'>est,</span> <span class='ocrx_word' id='word_1_241' title='bbox 762 2591 800 2630; x_wconf 93' lang='lat' dir='ltr'>id</span> <span class='ocrx_word' id='word_1_242' title='bbox 830 2592 934 2643; x_wconf 91' lang='lat' dir='ltr'>quod</span> <span class='ocrx_word' id='word_1_243' title='bbox 964 2604 1053 2631; x_wconf 92' lang='lat' dir='ltr'>cum</span> <span class='ocrx_word' id='word_1_244' title='bbox 1084 2592 1155 2631; x_wconf 86' lang='lat' dir='ltr'>alia</span> <span class='ocrx_word' id='word_1_245' title='bbox 1186 2593 1283 2632; x_wconf 91' lang='lat' dir='ltr'>ratio</span> <span class='ocrx_word' id='word_1_246' title='bbox 1315 2599 1397 2633; x_wconf 89' lang='lat' dir='ltr'>tum</span> <span class='ocrx_word' id='word_1_247' title='bbox 1431 2595 1584 2646; x_wconf 84' lang='lat' dir='ltr'>signum</span> <span class='ocrx_word' id='word_1_248' title='bbox 1617 2594 1699 2633; x_wconf 91' lang='lat' dir='ltr'>eius</span> 
     </span>
     <span class='ocr_line' id='line_1_37' title="bbox 189 2656 1702 2714; baseline 0.003 -17"><span class='ocrx_word' id='word_1_249' title='bbox 189 2656 229 2697; x_wconf 89' lang='lat' dir='ltr'>in</span> <span class='ocrx_word' id='word_1_250' title='bbox 272 2659 437 2699; x_wconf 88' lang='lat' dir='ltr'>vasculis</span> <span class='ocrx_word' id='word_1_251' title='bbox 477 2659 564 2712; x_wconf 93' lang='lat' dir='ltr'>polo</span> <span class='ocrx_word' id='word_1_252' title='bbox 602 2667 641 2700; x_wconf 88' lang='lat' dir='ltr'>et</span> <span class='ocrx_word' id='word_1_253' title='bbox 681 2673 772 2700; x_wconf 87' lang='lat' dir='ltr'>arcu</span> <span class='ocrx_word' id='word_1_254' title='bbox 810 2660 1046 2702; x_wconf 88' lang='lat' dir='ltr'>instructum</span> <span class='ocrx_word' id='word_1_255' title='bbox 1087 2661 1404 2714; x_wconf 58' lang='lat' dir='ltr'>demonstratffi).</span> <span class='ocrx_word' id='word_1_256' title='bbox 1472 2662 1702 2704; x_wconf 87' lang='lat' dir='ltr'>Dominatur</span> 
     </span>
    </p>
   </div>
   <div class='ocr_carea' id='block_1_3' title="bbox 191 2762 1695 2918">
    <p class='ocr_par' dir='ltr' id='par_1_17' title="bbox 191 2762 1695 2918">
     <span class='ocr_line' id='line_1_38' title="bbox 301 2762 1695 2807; baseline 0.003 -13"><span class='ocrx_word' id='word_1_257' title='bbox 301 2762 342 2802; x_wconf 77' lang='lat'>⁶²)</span> <span class='ocrx_word' id='word_1_258' title='bbox 374 2762 456 2795; x_wconf 86' lang='lat' dir='ltr'>bene</span> <span class='ocrx_word' id='word_1_259' title='bbox 492 2763 555 2794; x_wconf 88' lang='lat' dir='ltr'>buc</span> <span class='ocrx_word' id='word_1_260' title='bbox 591 2762 673 2795; x_wconf 78' lang='lat' dir='ltr'>facit</span> <span class='ocrx_word' id='word_1_261' title='bbox 705 2764 874 2796; x_wconf 79' lang='lat' dir='ltr'>vasculum</span> <span class='ocrx_word' id='word_1_262' title='bbox 905 2774 925 2796; x_wconf 80' lang='lat' dir='ltr'>a</span> <span class='ocrx_word' id='word_1_263' title='bbox 955 2764 1065 2807; x_wconf 79' lang='lat' dir='ltr'>Brygo</span> <span class='ocrx_word' id='word_1_264' title='bbox 1103 2764 1247 2806; x_wconf 86' lang='lat' dir='ltr'>pictum,</span> <span class='ocrx_word' id='word_1_265' title='bbox 1284 2765 1339 2797; x_wconf 92' lang='lat' dir='ltr'>ubi</span> <span class='ocrx_word' id='word_1_266' title='bbox 1370 2766 1600 2799; x_wconf 81' lang='lat' dir='ltr'>Andromacha</span> <span class='ocrx_word' id='word_1_267' title='bbox 1646 2766 1695 2798; x_wconf 77' lang='lat' dir='ltr'>sie</span> 
     </span>
     <span class='ocr_line' id='line_1_39' title="bbox 191 2818 1253 2863; baseline 0.006 -16"><span class='ocrx_word' id='word_1_268' title='bbox 191 2818 317 2849; x_wconf 75' lang='lat' dir='ltr'>vestita</span> <span class='ocrx_word' id='word_1_269' title='bbox 341 2819 470 2851; x_wconf 86' lang='lat' dir='ltr'>domum</span> <span class='ocrx_word' id='word_1_270' title='bbox 496 2818 656 2852; x_wconf 80' lang='lat' dir='ltr'>defendit.</span> <span class='ocrx_word' id='word_1_271' title='bbox 706 2819 748 2852; x_wconf 86' lang='lat' dir='ltr'>cf.</span> <span class='ocrx_word' id='word_1_272' title='bbox 770 2819 907 2852; x_wconf 84' lang='lat' dir='ltr'>Robert.</span> <span class='ocrx_word' id='word_1_273' title='bbox 933 2819 1007 2852; x_wconf 89' lang='lat' dir='ltr'>Bild</span> <span class='ocrx_word' id='word_1_274' title='bbox 1032 2832 1063 2853; x_wconf 84' lang='lat' dir='ltr'>u.</span> <span class='ocrx_word' id='word_1_275' title='bbox 1089 2821 1126 2853; x_wconf 88' lang='lat' dir='ltr'>L.</span> <span class='ocrx_word' id='word_1_276' title='bbox 1151 2832 1182 2863; x_wconf 85' lang='lat' dir='ltr'>p.</span> <span class='ocrx_word' id='word_1_277' title='bbox 1201 2822 1253 2853; x_wconf 81' lang='lat'>63.</span> 
     </span>
     <span class='ocr_line' id='line_1_40' title="bbox 302 2873 974 2918; baseline 0.004 -12"><span class='ocrx_word' id='word_1_278' title='bbox 302 2873 342 2914; x_wconf 76' lang='lat'>⁶³)</span> <span class='ocrx_word' id='word_1_279' title='bbox 368 2880 460 2907; x_wconf 83' lang='lat' dir='ltr'>errat</span> <span class='ocrx_word' id='word_1_280' title='bbox 486 2875 659 2909; x_wconf 85' lang='lat' dir='ltr'>Weleker.</span> <span class='ocrx_word' id='word_1_281' title='bbox 687 2875 830 2909; x_wconf 63' lang='lat' dir='ltr'>Gaium-l.</span> <span class='ocrx_word' id='word_1_282' title='bbox 857 2876 880 2918; x_wconf 90' lang='lat' dir='ltr'>l,</span> <span class='ocrx_word' id='word_1_283' title='bbox 898 2876 974 2909; x_wconf 80' lang='lat'><strong>308.</strong></span> 
     </span>
    </p>
   </div>
  </div>
 </body>
</html>
