1937 3315
864 199 905 204 -.
979 176 1033 216 54
1100 201 1146 204 -.-i

243 293 402 332 verbum
436 293 539 344 quod
571 299 629 333 est
659 288 935 345 μεσονύκτιος
965 306 999 332 v,
1032 294 1126 341 914,
1158 293 1289 339 (etiam
1322 294 1360 333 in
1391 293 1558 333 Pindaro
1588 294 1759 343 obvium)

243 361 495 400 memorabile
525 362 564 399 in
596 362 670 399 hoc
699 361 861 407 cantico,
893 362 996 412 quod
1026 374 1104 400 non
1136 362 1251 400 modo
1282 363 1416 401 eodem
1439 362 1563 401 noctis
1586 367 1761 414 tempore

243 443 305 469 res
336 429 374 469 in
410 429 632 470 Stesichoro
662 429 967 482 perpetrabatur,
1001 431 1120 483 (quod
1152 444 1240 470 cum
1263 431 1379 472 Iliade
1409 444 1523 484 parva
1554 443 1762 471 commune

244 498 438 550 habebat),
473 499 538 538 sed
570 498 676 537 verbi
707 511 861 550 quoque
892 500 1014 538 forma
1046 499 1287 550 aliquatenus
1317 500 1513 552 conspirat
1542 498 1574 538 si
1605 499 1760 551 quidem

243 573 346 607 recte
378 564 566 620 μεσόνυξ
594 568 641 606 fr.
665 566 716 606 87
748 567 824 606 huc
854 569 992 607 refero.

359 703 394 741 4.
441 702 488 742 Et
518 703 591 742 hoc
621 703 777 754 quidem
809 703 1008 744 incertius.
1059 703 1319 743 Nihilominus
1350 727 1404 732 --
1434 717 1531 755 quae
1562 705 1675 744 etiam
1698 704 1762 743 in-

245 771 407 809 certiora
447 776 540 809 sunt
578 793 631 797 —
672 770 804 821 quaeri
843 778 1012 823 oportet,
1051 783 1180 810 nonne
1211 777 1254 810 ut
1283 771 1322 809 in
1354 771 1570 811 Troadibus
1599 771 1691 811 item
1723 771 1763 810 in

244 839 402 890 reliquis
441 838 544 878 illius
583 839 756 890 trilogiae
797 840 1019 891 tragoediis,
1058 840 1272 879 Alexandro
1309 846 1348 879 et
1378 839 1597 888 Palamede,
1634 840 1762 892 aliquo

245 908 360 946 modo
398 906 617 946 adhibuerit
659 907 828 946 nobilem
862 904 1053 944 Himeraei
1084 905 1229 956 poesin.
1290 905 1337 944 Et
1367 905 1413 944 (16
1443 907 1646 948 Palamede
1676 908 1764 960 qui-

246 975 333 1014 dem
365 988 482 1026 quem
515 975 577 1014 ille
608 980 978 1015 commemoraverat
1010 975 1072 1025 (fr.
1095 973 1163 1021 34)
1196 973 1291 1012 nihil
1321 975 1424 1025 quod
1445 975 1522 1015 huc
1541 976 1654 1016 faciat
1674 989 1764 1016 eru-

246 1055 310 1082 ere
342 1042 514 1095 contigit.
566 1043 619 1082 De
640 1043 857 1082 Alexandro
879 1048 1007 1082 autem
1032 1040 1290 1093 suspicionem
1315 1042 1450 1082 saltem
1472 1045 1643 1096 proferre
1664 1043 1763 1084 licet.

245 1111 404 1163 Agitur,
444 1117 487 1151 ut
524 1111 654 1151 statim
695 1112 897 1159 confitear,
936 1111 981 1150 de
1013 1110 1120 1149 taeda
1150 1110 1212 1149 illa
1243 1110 1476 1163 perniciosa,
1514 1112 1766 1153 similitudine

246 1180 419 1227 Paridis,
459 1192 575 1231 quam
609 1179 764 1219 Hecuba
800 1179 953 1231 gravida
983 1178 1177 1231 peperisse
1208 1178 1281 1217 sibi
1311 1178 1351 1218 in
1383 1192 1520 1220 somno
1550 1180 1763 1221 videbatur.

248 1251 373 1296 Quam
405 1248 573 1288 fabulam
596 1247 790 1288 Robertus
812 1248 894 1288 Bild
924 1261 961 1287 u.
984 1247 1026 1286 L.
1049 1246 1129 1286 233
1140 1259 1222 1298 sqq.
1253 1247 1485 1299 quibusdam
1507 1250 1633 1290 causis
1654 1263 1764 1290 com-

248 1322 379 1357 motus
411 1316 476 1368 (de
507 1316 648 1368 quibus
680 1328 770 1356 mox
801 1316 942 1364 dicam)
976 1328 995 1355 a
1019 1315 1207 1367 Sophocle
1228 1314 1358 1367 potius
1379 1327 1494 1367 quam
1517 1316 1564 1356 ab
1585 1316 1766 1370 Euripide

250 1386 420 1437 primum
453 1384 641 1436 prolatam
674 1397 757 1423 esse
789 1385 964 1424 coniecit.
1013 1384 1125 1431 Quod
1158 1384 1190 1423 si
1220 1390 1322 1423 recte
1344 1397 1384 1423 se
1404 1384 1532 1433 habet,
1553 1385 1767 1425 Alexander

250 1453 461 1505 Sophoclea
493 1453 628 1492 saltem
660 1459 747 1492 ante
777 1454 935 1492 Inonem
969 1452 1162 1504 Euripidis
1194 1453 1331 1498 (actam
1363 1458 1452 1491 ante
1483 1452 1580 1498 425)
1612 1453 1651 1492 in
1682 1467 1766 1493 sce-

251 1533 339 1561 nam
379 1520 566 1572 prodiisse
604 1520 767 1559 videtur.
832 1520 984 1560 Etenim
1024 1520 1142 1559 schol.
1184 1520 1296 1558 Hom.
1338 1521 1376 1558 Γ
1400 1519 1480 1559 325
1512 1521 1558 1560 (16
1589 1521 1766 1562 Hecubae

250 1589 447 1629 insomnio
478 1589 572 1628 haec
602 1588 773 1628 exhibet:
903 1586 1039 1629 δαλὸν
1070 1590 1243 1636 τίκτειν,
1277 1583 1396 1635 ὅστις
1427 1587 1657 1643 κατέφλεξε
1680 1590 1766 1630 πᾶ-

253 1670 335 1698 σαν
371 1655 448 1711 τήν
486 1672 529 1696 ’τε
568 1651 700 1697 πόλιν
740 1656 810 1696 καὶ
852 1655 928 1711 τὴν
964 1655 1010 1697 ἓν
1046 1657 1097 1714 τῇ
1134 1653 1222 1710 Ἴδῃ
1265 1652 1380 1710 ὕλην.
1440 1657 1521 1704 Qua
1552 1658 1591 1697 in
1622 1671 1663 1698 re
1695 1660 1766 1699 etsi

252 1727 510 1780 Apollodorus
546 1726 598 1764 III
637 1726 707 1773 12,
740 1727 764 1764 4
809 1725 1005 1766 brevitatis
1044 1738 1157 1765 causa
1193 1725 1280 1765 Idae
1317 1725 1554 1765 mentionem
1591 1728 1767 1779 quamvis

252 1802 381 1848 aptam
422 1793 572 1844 omisit,
616 1793 746 1846 Dictys
777 1794 829 1833 ΙΙΙ
856 1793 927 1842 26,
959 1806 1074 1846 quem
1109 1793 1364 1833 Schwartzius
1396 1793 1459 1845 (de
1489 1794 1621 1834 scholl.
1653 1795 1765 1836 Hom.

254 1880 289 1918 p.
313 1865 412 1917 459)
454 1867 600 1904 fontem
644 1862 780 1902 statuit
820 1862 1064 1910 scholiastae,
1109 1862 1148 1902 in
1180 1862 1244 1902 Ida
1284 1862 1370 1915 plus
1413 1864 1599 1904 momenti
1639 1865 1767 1917 ponit:

255 1934 402 1973 ‘Idam
450 1946 502 1972 36
550 1944 656 1971 mox
693 1931 1015 1972 continuante
1053 1931 1250 1970 flamma
1288 1931 1450 1971 deorum
1491 1932 1648 1972 delubra
1678 1947 1772 1973 con-

255 2002 438 2042 cremari'
470 2008 542 2041 etc.
589 2001 690 2040 Haec
710 2001 836 2052 imago
857 2000 1049 2053 Euripidis
1080 2000 1210 2039 animo
1241 2000 1518 2040 obversabatur
1546 2014 1634 2041 cum
1657 2003 1769 2043 verba

256 2070 442 2111 scriberet
473 2070 559 2121 (Ino
590 2070 636 2107 fr.
660 2068 776 2120 415):

520 2137 678 2191 μικροῦ
707 2134 789 2190 γὰρ
821 2135 867 2176 ἐκ
897 2135 1151 2190 λαμπτῆρος
1176 2131 1338 2177 Ἰδαῖον
1367 2134 1505 2184 λέπας

518 2204 727 2261 πρήσειεν
757 2203 810 2246 ἄν
840 2220 918 2253 τις.

368 2275 446 2315 Cur
475 2276 580 2314 Idam
613 2272 820 2314 nominat?
851 2273 986 2324 quidni
1016 2287 1048 2312 e.
1082 2286 1137 2325 gr.
1169 2273 1453 2323 Cithaeronem,
1482 2276 1548 2327 qui
1579 2276 1618 2315 in
1639 2276 1770 2316 Inonis

252 2343 378 2384 fabula
411 2349 518 2384 tanto
549 2342 709 2396 propius
741 2355 781 2382 se
813 2341 1015 2391 offerebat3
1056 2348 1171 2395 atque
1211 2355 1285 2383 usu
1316 2343 1422 2384 venit
1461 2350 1505 2385 ut
1533 2344 1769 2397 Κιθαιρῶ-

254 2427 325 2459 νος
356 2412 494 2458 λέπας
524 2419 563 2451 et
592 2412 631 2450 in
662 2412 850 2463 Aeschylo
880 2412 948 2462 Ag.
971 2411 1051 2450 285
1083 2418 1122 2450 et
1151 2412 1190 2450 in
1221 2412 1415 2464 Euripidis
1446 2420 1616 2453 extrema
1648 2421 1769 2453 aetate

253 2483 434 2534 (fortasse
456 2481 502 2521 ad
524 2480 626 2521 illius
649 2479 885 2533 exemplum)
907 2479 1054 2520 Phoen.
1077 2479 1143 2519 24.
1170 2479 1306 2521 Bacch.
1331 2482 1423 2522 751.
1449 2482 1555 2523 1045
1578 2489 1768 2523 occurrat.

253 2550 515 2596 Quamobrem
547 2556 634 2588 ante
657 2549 738 2587 425
770 2555 925 2600 tempus
956 2549 1115 2587 haberet
1136 2549 1351 2588 Alexander
1372 2550 1586 2602 Sophoclis,
1618 2550 1650 2589 si
1680 2551 1769 2590 inde

252 2617 453 2671 Euripides
490 2618 657 2658 fabulam
696 2617 799 2657 illam
839 2616 1067 2670 desumpsit.
1127 2617 1175 2657 At
1211 2617 1250 2657 id
1289 2619 1554 2672 quaerendum
1592 2625 1662 2660 est.
1723 2619 1771 2661 Et

252 2693 444 2738 quatenus
490 2688 534 2726 de
580 2687 832 2726 similitudine
880 2688 1006 2738 agitur
1050 2699 1146 2737 quae
1190 2687 1292 2726 inter
1336 2688 1484 2727 Paridis
1528 2688 1769 2727 iuventutem

252 2762 290 2795 et
331 2755 416 2808 Cyri
455 2754 661 2795 Herodotei
701 2755 925 2803 intercedit,
963 2754 1174 2803 Robertus,
1214 2755 1253 2795 ni
1289 2755 1416 2804 fallor,
1457 2755 1538 2808 ipse
1578 2768 1682 2796 nunc
1717 2757 1769 2797 ita

251 2824 362 2863 aliter
392 2823 527 2870 sentit,
566 2830 610 2863 ut
639 2837 685 2863 ex
717 2825 915 2865 communi
944 2824 1106 2864 Asianae
1137 2824 1261 2875 gentis
1290 2824 1478 2865 memoria
1508 2824 1615 2865 nullo
1647 2827 1769 2866 inter-

252 2892 412 2932 cedente
450 2891 646 2943 Herodoto
691 2892 859 2945 potuisse
904 2893 1023 2933 [luere
1068 2893 1237 2933 fabulam
1282 2893 1384 2933 illam
1427 2894 1622 2934 concedat.
1688 2895 1770 2936 Hoc
