1937 3315
878 144 1049 184 —83

277 264 317 302 in
337 260 517 301 fatalibus
539 260 623 300 istis
646 261 917 308 daemonibus,
940 274 1037 312 quos
1059 260 1362 311 (consuetudine
1383 260 1458 299 late
1481 264 1652 312 patente)
1675 261 1782 300 nullo

276 342 369 370 sexu
391 328 586 380 praeditos
606 328 829 381 pingebant,
861 328 973 381 quasi
994 328 1148 380 generis
1170 329 1495 380 praestantiarum
1520 328 1783 380 vitiorumque

277 399 492 444 immunes,
526 396 640 437 nuliis
672 402 832 437 naturae
862 396 1009 449 legibus
1040 397 1250 443 obnoxios,
1281 397 1396 436 nullis
1430 397 1487 437 vel
1518 397 1690 449 eorporis
1725 397 1782 437 vel

275 465 393 506 animi
425 464 587 506 vinculis
616 466 810 506 humanae
832 465 1061 518 divinaeque
1082 464 1184 517 genti
1207 471 1404 517 cognatos.
1468 465 1576 505 Velut
1599 463 1783 520 Οἷσιρος

276 535 314 573 in
352 546 437 573 vase
468 533 679 580 Canusino,
718 534 812 573 item
844 534 945 574 Mors
978 535 1017 573 in
1049 534 1228 573 columna
1260 534 1423 585 Ephesia
1462 535 1588 585 primo
1624 542 1781 586 aspectu

275 614 345 654 pro
379 602 540 641 muliere
572 602 702 642 haberi
733 602 869 654 possit,
901 602 1064 642 daemon
1087 602 1211 642 Aiacis
1242 602 1445 641 suicidium
1478 602 1674 647 adiuvans,
1707 603 1782 642 Ae-

275 672 404 723 schylo
437 671 497 720 (fr.
521 671 590 722 78)
615 671 823 717 muliebris,
856 671 895 710 in
917 671 1065 722 pictura
1077 671 1126 718 ³⁰)
1150 684 1272 722 genus
1295 671 1468 719 mutavit,
1501 672 1618 723 Lyssa
1640 672 1681 710 in
1703 684 1780 711 no-

275 739 432 778 vissimo
463 740 664 779 Actaeonis
698 739 848 778 vasculo
879 739 996 791 (Mon.
1029 740 1065 779 d.
1097 739 1125 778 1.
1159 739 1220 785 XI,
1253 738 1320 787 42)
1355 740 1432 777 sere
1465 739 1561 777 virili
1591 740 1687 779 facie
1718 740 1781 778 in-

275 808 394 860 signis
427 809 532 848 omni
563 807 734 860 corporis
774 807 933 847 feminei
969 807 1091 847 forma
1131 814 1247 847 caret.
1309 805 1487 854 Φθόνος
1518 814 1664 855 autem,
1707 808 1779 848 etsi

274 877 315 916 in
358 876 429 917 hac
468 889 545 916 una
588 877 732 928 pictura
780 876 938 928 legitur,
989 889 1033 914 ex
1075 876 1209 915 eodem
1253 887 1398 926 genere
1443 882 1525 923 est;
1572 882 1610 915 et
1655 877 1782 928 potuit

277 946 375 985 inter
405 951 462 984 tot
496 945 573 984 Fati
606 950 818 996 potestates
850 958 869 984 a
901 951 1011 997 poeta
1047 951 1196 984 notatas
1226 945 1257 983 si
1289 956 1367 984 non
1396 945 1542 984 diserte
1585 945 1780 984 numerari

277 1014 437 1060 invidia,
479 1019 609 1052 tamen
646 1013 746 1052 effici
782 1014 947 1064 speeies,
994 1014 1102 1065 quasi
1143 1020 1245 1052 esset
1288 1020 1509 1060 numerata;
1554 1017 1608 1060 (et
1646 1014 1780 1052 Asteas

274 1083 431 1135 quidem
464 1082 637 1121 Herculis
669 1082 901 1121 daemonem
933 1093 1011 1120 non
1049 1077 1228 1127 Λύσσα,
1269 1088 1310 1120 nt
1342 1088 1471 1133 poeta,
1513 1081 1580 1120 sed
1626 1082 1779 1121 ,Μανία

275 1149 544 1203 nuncupavit.);
605 1150 822 1189 cuiusmodi
872 1149 1076 1202 opiniones
1128 1162 1172 1188 ex
1232 1149 1336 1201 poesi
1394 1149 1584 1189 derivatae
1644 1149 1778 1201 potius

276 1233 390 1272 quam
424 1220 651 1272 desumptae
683 1225 870 1270 quantum
904 1219 1055 1258 valeant
1084 1219 1122 1258 in
1154 1224 1233 1257 arte
1266 1218 1451 1269 populari,
1482 1224 1643 1257 constat.
1693 1219 1779 1266 Quo

276 1289 443 1341 pertinet
474 1303 504 1327 e.
538 1301 592 1339 gr.
625 1289 792 1327 daemon
830 1287 865 1326 in
900 1287 1052 1338 Pelopis
1091 1288 1207 1326 domo
1251 1299 1441 1337 regnans,
1489 1298 1593 1325 nunc
1638 1287 1780 1326 alastor

275 1357 357 1408 (Or.
386 1357 506 1407 1547)
539 1370 644 1395 nunc
674 1353 846 1409 φθόνος
876 1356 944 1406 (ib.
968 1356 1065 1405 974)
1093 1362 1257 1400 vocatus,
1290 1355 1416 1406 quiin
1444 1354 1592 1406 Pelopis
1617 1355 1778 1394 vasculis

276 1426 458 1478 pingitur,
492 1425 562 1465 etsi
593 1425 633 1463 in
663 1437 819 1464 scenam
853 1436 940 1463 eum
964 1423 1188 1476 apparuisse
1212 1436 1289 1462 non
1312 1428 1556 1474 compertum
1579 1422 1778 1462 habemus.

275 1494 345 1533 Hic
377 1499 508 1533 tamen
539 1493 878 1544 sarcophagorum,
910 1492 1070 1545 speculi,
1097 1493 1227 1537 cistae,
1257 1504 1433 1530 vasorum
1462 1491 1565 1530 inter
1591 1503 1633 1529 se
1653 1491 1781 1528 diver-

275 1563 521 1602 sissimorum
564 1574 769 1609 consensu,
812 1561 936 1601 Servii
977 1561 1142 1613 denique
1184 1561 1244 1599 vix
1281 1559 1399 1599 dubio
1432 1559 1658 1600 testimonio
1690 1559 1781 1598 dae-

277 1643 431 1670 monem
460 1630 613 1670 fatalem
646 1631 685 1669 in
719 1641 874 1669 scenam
906 1630 1099 1682 prodiisse
1122 1628 1319 1681 probatur.

387 1769 427 1810 ⁸⁰)
454 1770 550 1800 Aroh.
578 1768 651 1810 Ztg.
674 1768 753 1801 1871
783 1766 861 1800 Tab.
881 1768 933 1800 46.
