1937 3315
819 169 1106 208 -41-

210 289 293 328 loco
326 295 474 329 tantum
507 288 543 327 id
576 298 798 339 persequor,
831 285 979 325 Orestis
1009 297 1098 325 cum
1126 284 1253 324 Furiis
1284 283 1605 324 necessitudinem
1640 288 1715 322 tam

209 356 405 409 antiquam
427 368 523 402 esse,
555 360 598 394 ut
618 365 760 401 verear,
787 365 835 392 ne
857 365 900 392 ea
920 352 1124 405 separatim
1145 365 1166 392 a
1189 351 1403 392 matricidio
1425 351 1631 404 spectanda
1653 350 1716 397 sit,

209 437 253 464 ac
293 426 455 465 sortasse
499 427 622 462 totum
664 420 921 460 matricidium
963 421 1010 460 ad
1043 420 1145 460 illam
1176 419 1437 472 explicandam
1470 432 1491 458 a
1521 418 1716 459 malevolis

209 491 410 531 inventum
434 490 495 535 sit,
528 489 641 540 idque
672 490 833 527 fortasse
853 487 898 526 ad
921 488 1139 540 exemplum
1162 487 1414 534 Alcmaeonis,
1449 487 1480 527 si
1501 487 1656 538 quidem
1678 492 1716 525 et

210 561 479 612 antiquitatem
511 557 674 610 respicio
696 556 964 596 Thebanarum
995 556 1211 596 fabularum
1233 556 1380 596 Troicis
1403 562 1510 596 tanto
1532 555 1713 595 maiorem

208 635 247 668 et
276 627 412 667 Furias
442 626 495 665 ibi
525 639 545 665 a
578 624 791 664 matricidio
813 647 865 652 —-
893 637 1127 676 quamquam
1159 624 1195 663 id
1228 624 1332 664 casui
1365 624 1483 664 tribui
1514 629 1642 676 potest
1662 647 1715 651 -—

209 708 400 749 nusquam
441 700 606 735 secretas
643 692 807 732 invenio.
867 692 1061 745 Euripidis
1099 692 1217 744 igitur
1256 692 1295 732 in
1325 693 1475 732 Electra
1517 691 1622 732 1273
1661 692 1717 743 (et

210 765 362 813 Oreste)
376 764 533 804 Orestes
550 761 717 802 facinore
731 760 939 800 commisso
955 760 993 800 in
1007 761 1187 800 Arcadiae
1204 760 1491 801 meridionalem
1506 760 1714 813 regionem,

211 834 355 886 Lycaeo
395 831 663 884 propinquam,
706 829 867 879 migrare
904 828 1034 880 ibique
1071 828 1242 867 habitare
1273 842 1292 867 a
1324 829 1381 868 dis
1412 829 1578 868 iubetur.
1636 829 1717 867 Illic

211 914 333 952 usque
354 901 400 940 ad
422 900 519 939 vitae
540 899 655 937 finem
678 896 825 948 degisse
847 909 936 935 eum
958 896 1049 936 dicit
1068 896 1323 949 Asclepiades.
1355 897 1480 937 Schol.
1504 896 1569 936 Or.
1595 897 1714 936 1645.

207 968 331 1020 Atque
362 967 488 1007 hercle
520 977 608 1006 cum
641 964 744 1003 illius
774 964 941 1016 regionis
973 965 1114 1016 oppido
1145 965 1248 1016 quod
1279 970 1339 1003 est
1361 962 1618 1017 Ὀρέσθειον
1648 976 1716 1003 seu

203 1033 496 1089 Ὀρεσθάσιον
525 1040 667 1088 quanta
697 1033 982 1074 necessitudine
1012 1047 1209 1074 connexus
1231 1033 1282 1074 sit
1304 1033 1473 1081 Orestes,
1503 1039 1715 1087 appareret,

208 1105 358 1146 etiamsi
399 1117 477 1143 non
520 1108 727 1143 testaretur
765 1102 1003 1155 Pherecydes
1046 1103 1172 1142 Schol.
1205 1103 1270 1142 Or.
1299 1102 1322 1141 l.
1347 1115 1379 1142 c.
1411 1103 1542 1142 Refert
1572 1102 1715 1142 Phere-

208 1174 322 1226 cydes
354 1173 529 1213 Orestem
569 1171 621 1211 ibi
651 1182 803 1223 quoque
834 1183 854 1209 a
876 1170 1004 1210 Furiis
1034 1176 1213 1211 vexatum
1245 1171 1290 1211 ad
1321 1183 1426 1211 aram
1448 1170 1590 1211 Dianae
1620 1183 1715 1211 con-

207 1241 353 1293 fugere,
371 1252 468 1292 quae
485 1252 532 1279 ne
545 1239 592 1278 ab
605 1238 678 1278 illis
696 1238 952 1285 interimatur,
973 1238 1114 1278 auxilio
1129 1251 1200 1278 suo
1217 1238 1431 1278 intercedit,
1454 1239 1595 1278 Dianae
1613 1238 1714 1278 illius

208 1309 282 1349 loci
313 1321 454 1348 nomen
485 1313 567 1347 erat
594 1304 752 1358 Ἱέρεια.
812 1308 854 1346 In
884 1320 961 1358 quo
992 1307 1068 1346 noli
1096 1307 1143 1346 de
1172 1307 1368 1359 iphigenia
1399 1307 1577 1359 cogitare,
1614 1320 1713 1358 quae

209 1377 349 1416 Dianae
366 1376 542 1415 sacerdos
559 1375 597 1413 in
614 1374 740 1413 fabula
757 1374 916 1413 Taurica
934 1374 1093 1421 dicitur3
1117 1386 1204 1413 cum
1227 1374 1330 1413 enim
1353 1375 1498 1414 multae
1514 1387 1713 1426 personae,

211 1457 288 1484 non
320 1444 511 1497 Iphigenia
543 1443 641 1491 sola,
684 1442 756 1482 sub
794 1442 1002 1482 sacerdotis
1039 1441 1197 1481 nomine
1234 1454 1380 1481 numen
1418 1441 1546 1494 ipsum
1586 1442 1715 1482 occul-

208 1519 302 1554 tent.
325 1524 537 1563 cognomen
560 1511 651 1550 illud
672 1510 767 1549 nihil
787 1511 977 1562 peculiare
999 1517 1066 1550 aut
1086 1510 1362 1562 significatione
1378 1510 1531 1562 propria
1554 1511 1712 1562 dignum

208 1582 441 1628 contineret,
483 1579 520 1619 id
558 1579 660 1631 quod
697 1578 920 1618 incredibile
957 1584 1027 1618 est.
1086 1578 1210 1618 Immo
1248 1578 1334 1618 talia
1373 1579 1532 1618 deorum
1571 1591 1714 1631 cogno-

209 1649 312 1688 mina
342 1649 389 1688 ad
419 1648 622 1699 religiones
652 1648 827 1699 ritusque
857 1652 982 1686 certos
1019 1647 1208 1698 quosdam
1244 1653 1415 1699 spectare
1450 1647 1586 1687 solent.
1646 1647 1715 1686 At-

208 1729 283 1768 que
313 1716 490 1768 equidem
519 1713 690 1768 “Ιέρειαν
719 1713 1044 1754 ‘Sacrificantem’
1084 1716 1209 1754 refero
1249 1715 1296 1755 ad
1337 1716 1594 1755 humanorum
1627 1727 1714 1754 cor-

207 1798 343 1836 porum
388 1790 576 1823 vetustam
620 1782 942 1828 immolationem,
979 1781 1024 1820 de
1061 1795 1137 1833 quo
1170 1795 1275 1821 more
1307 1784 1345 1822 in
1376 1783 1461 1822 istis
1492 1783 1713 1834 regionibus

207 1851 429 1893 diutissime
457 1852 616 1891 florente
655 1862 769 1903 supra
805 1849 844 1889 in
885 1849 1130 1889 adnotatione
1170 1849 1314 1890 dictum
1356 1856 1415 1890 est
1455 1850 1511 1904 (p.
1533 1850 1599 1900 31,
1630 1851 1712 1900 41).

205 1921 349 1961 Eodem
380 1920 450 1960 alia
481 1920 628 1959 ratione
658 1919 848 1958 ducimur.
898 1918 1016 1968 Regio
1047 1918 1109 1957 illa
1140 1919 1277 1971 (prope
1300 1920 1488 1971 Lycaeum
1517 1920 1607 1971 sita)
1636 1933 1712 1972 quo

207 1989 374 2029 mittitur
395 1988 564 2035 Orestes,
595 1987 826 2026 Parrhasion
857 1993 1015 2025 vocatur
1045 1986 1129 2035 (Or.
1154 1986 1291 2039 1645).
1338 1987 1562 2027 Parrhasiae
1582 1994 1712 2028 autem

207 2056 436 2096 veterrimus
466 2056 593 2101 heros,
626 2055 788 2106 Lycaon,
827 2060 1076 2093 cruentarum
1108 2055 1259 2094 illarum
1291 2056 1520 2105 religionum
1552 2056 1713 2095 antistes

205 2124 416 2171 fabulosus,
459 2134 619 2162 uxorem
652 2121 757 2161 ducit
780 2118 1031 2174 Ὀρθωσίαν
1071 2146 1124 2150 -
1165 2121 1219 2162 sic
1258 2134 1328 2175 pro
1368 2130 1547 2176 corrupta
1588 2125 1712 2163 forma

205 2205 302 2244 quae
348 2190 512 2231 traditur
544 2188 792 2244 Ὄρθωνίαν
837 2195 939 2229 recte
983 2190 1173 2230 conicitur
1229 2214 1267 2218 -—
1316 2192 1443 2231 Schol.
1485 2192 1551 2231 Or.
1592 2192 1711 2231 1647.

206 2261 387 2301 Orthosia
418 2266 567 2307 autem,
606 2259 669 2299 hic
707 2259 745 2298 in
783 2258 961 2299 heroinae
992 2259 1152 2311 gradum
1185 2259 1356 2312 delapsa,
1397 2260 1493 2300 nihil
1523 2261 1624 2301 aliud
1655 2268 1714 2301 est

204 2342 318 2381 quam
359 2329 476 2368 Diana
517 2328 756 2368 nobilissima
789 2327 1065 2379 Spartanorum
1106 2330 1196 2368 olim
1236 2330 1439 2369 hominum
1477 2329 1713 2369 immolatio-

204 2398 318 2437 nibus
359 2397 472 2445 culta‚
515 2397 617 2436 unde
648 2402 829 2435 cruentae
860 2397 1115 2437 caerimoniae
1145 2410 1380 2446 remansere,
1418 2398 1559 2450 quibus
1591 2398 1712 2437 Brau-

203 2466 310 2506 ronia
341 2478 446 2505 sacra
477 2466 570 2505 adeo
592 2464 889 2517 respondebant,
921 2472 964 2504 ut
984 2466 1098 2505 etiam
1121 2466 1249 2506 fabula
1279 2467 1326 2506 de
1347 2467 1484 2507 Oreste
1504 2467 1711 2507 Tauricum

203 2534 452 2574 simulacrum
484 2538 704 2585 asportante
734 2533 773 2573 in
805 2539 969 2585 utroque
998 2533 1082 2573 loco
1112 2534 1285 2582 floreret3
1316 2534 1355 2573 in
1375 2535 1517 2586 quibus
1538 2547 1587 2574 ne
1608 2535 1713 2587 lphi-

204 2603 335 2655 geniae
365 2602 523 2654 quidem
553 2602 679 2641 fabula
710 2602 933 2654 negligenda
963 2609 1033 2641 est.
1086 2602 1194 2642 Hanc
1224 2603 1445 2643 Atridarum
1477 2616 1566 2643 cum
1594 2603 1713 2643 Diana

203 2670 527 2712 necessitudinem
569 2670 684 2710 etiam
725 2671 765 2710 in
794 2670 1012 2722 Pherecyde
1052 2670 1396 2723 deprehendimus,
1432 2671 1499 2723 qui
1537 2678 1711 2712 auratam

203 2753 312 2781 ovem
345 2739 567 2792 (Thyestae)
604 2752 682 2779 non
713 2746 757 2779 ut
787 2739 921 2779 referri
952 2739 1048 2779 solet
1077 2752 1098 2778 a
1129 2739 1338 2787 Mercurio,
1377 2740 1442 2780 sed
1474 2753 1495 2780 a
1526 2740 1641 2780 Diana
1671 2741 1710 2780 in

202 2809 371 2860 pecudes
389 2807 479 2847 inici
501 2807 617 2847 tradit
638 2808 782 2856 (Schol.
801 2808 867 2847 Or.
885 2809 995 2859 997).
1037 2808 1162 2854 Quem
1184 2821 1400 2848 connexum
1425 2810 1600 2861 suspicor
1619 2822 1707 2848 cum

203 2877 248 2917 ad
265 2877 413 2916 Atridas
434 2875 626 2928 pertinere
647 2877 711 2928 (cf.
730 2889 766 2929 p.
782 2877 848 2924 60,
865 2876 904 2928 1)
927 2882 1008 2916 tum
1033 2876 1198 2916 maxime
1220 2877 1265 2916 ad
1282 2877 1470 2929 Thyestae
1491 2890 1710 2929 personam,
