1937 3315
827 155 1001 195 —22
1072 179 1118 184 —

210 273 319 312 Hanc
336 273 531 312 Phoebam
556 279 716 325 excepto
734 271 933 322 Ovidio²⁷)
952 272 1040 312 Her.
1054 272 1214 320 v11175,
1238 285 1314 312 non
1338 272 1570 313 invenimus.
1602 274 1730 315 Tertia

210 341 401 394 Tyndarei
431 342 507 381 filia
538 342 625 381 inde
655 341 703 381 ab
729 341 896 381 Hesiodo
923 343 986 392 (fr.
1014 341 1103 380 112.
1131 341 1209 380 109
1232 341 1364 393 Kink.)
1385 341 1593 381 Timandra
1619 344 1730 394 vulgo

210 409 401 457 audiebat,
445 422 522 461 quo
563 407 721 448 nomine
763 410 878 448 etiam
920 408 959 447 in
1002 408 1165 448 vasculis
1197 407 1324 460 quinti
1365 409 1505 449 saeculi
1548 410 1729 450 occurrit.

209 478 468 530 ApoHodorus
509 483 685 529 quartam
717 477 975 528 Tyndaridem
1016 477 1177 521 inducit,
1215 489 1312 527 quae
1353 483 1412 517 est
1444 475 1650 531 Φιλονόη,
1684 475 1732 532 ἢν

201 543 402 599 Ἄρτεμις
420 542 646 585 ἀθάνατον
662 542 882 598 ἐποίησεν,
905 557 1022 596 quam
1045 544 1272 584 Philonoam
1295 544 1389 596 quin
1411 545 1603 586 Hesiodus
1624 558 1732 586 com-

211 626 431 653 memorare
460 612 644 665 potuerit,
676 613 780 651 salvo
811 613 894 652 eius
917 613 963 652 de
987 613 1110 652 tribus
1133 612 1265 663 nuptis
1286 612 1570 664 Tyndaridibus
1590 614 1732 653 iudicio

212 683 275 730 (fr.
300 681 409 732 112),
441 680 538 720 nihil
568 680 708 719 obstat.
772 679 854 720 Utri
885 681 1024 720 harum
1047 680 1256 732 respondet
1278 679 1461 720 Phoebe?
1502 681 1733 721 Timandrae

211 761 260 788 an
284 745 525 787 Pliilonoae‘?
566 747 729 786 Dissolvi
761 748 855 787 haec
884 749 1060 800 quaestio
1091 747 1281 799 nequiret,
1313 747 1386 787 nisi
1414 747 1512 787 viam
1543 749 1733 801 quodam-

212 816 328 856 modo
360 821 595 855 monstraret
624 815 805 855 Hieronis
836 816 943 868 figuli
976 816 1192 863 vasculum,
1224 815 1263 855 in
1295 829 1372 867 quo
1404 815 1569 856 Helenae
1600 823 1734 869 raptus

212 897 420 937 expressus
459 890 529 923 est.
590 882 646 922 lbi
688 890 840 936 praeter
870 884 1120 924 Timandram
1159 884 1230 924 alia
1261 881 1385 936 puella
1416 885 1522 924 adest
1556 882 1735 932 Εὖῶπις

212 953 419 1005 (Ευοπις)
450 952 663 999 nominata,
695 952 801 992 iuxta
833 952 1081 992 Timandram
1120 952 1257 1004 posita,
1297 965 1394 1003 quae
1432 966 1585 993 reversa
1614 953 1734 993 Icario

213 1027 253 1061 et
272 1021 476 1073 Tyndareo
497 1032 575 1059 non
599 1019 682 1059 sine
703 1019 965 1059 anxietudinis
986 1019 1138 1059 indiciis
1159 1019 1342 1059 nuntium
1364 1022 1483 1060 refert
1503 1020 1549 1060 de
1571 1020 1736 1061 Helenae

213 1089 401 1129 discessu.
461 1087 590 1127 Mirari
621 1087 759 1139 possis,
792 1100 861 1126 cur
890 1088 1011 1127 Icario
1043 1088 1210 1127 maxime
1240 1088 1403 1128 nuntius
1433 1089 1626 1136 afferatur,
1657 1102 1735 1128 non

212 1156 415 1208 Tyndareo
436 1154 580 1206 potius,
611 1160 677 1194 aut
708 1167 778 1193 cur
808 1167 885 1194 non
909 1155 1135 1207 Tyndareus
1165 1156 1291 1208 primo
1312 1156 1396 1196 loco
1418 1156 1569 1208 positus
1599 1157 1667 1205 sit;
1699 1162 1737 1197 et

211 1225 387 1277 profecto
415 1222 584 1275 demptis
605 1221 922 1275 inscriptionibus
953 1236 1087 1263 senem
1117 1225 1247 1276 potius
1269 1224 1448 1272 (Icarium
1473 1224 1735 1275 nominatum)

214 1304 332 1344 quam
364 1290 579 1331 secundum
609 1290 719 1330 illum
751 1303 821 1343 pro
851 1297 959 1344 patre
981 1292 1242 1344 Tyndaridum
1274 1292 1468 1340 habueris,
1499 1292 1551 1332 ita
1582 1298 1625 1332 ut
1652 1292 1738 1345 opi-

215 1361 327 1400 ficem
365 1360 471 1399 locos
511 1359 810 1411 inscriptionum
850 1359 998 1400 incuria
1037 1368 1299 1401 commutasse
1337 1362 1437 1401 inter
1472 1373 1514 1400 se
1550 1360 1738 1413 suspicari

215 1427 355 1482 possis,
418 1427 492 1466 Sed
535 1433 748 1478 utcumque
789 1426 826 1466 id
859 1441 899 1466 se
930 1428 1058 1475 habet,
1099 1429 1265 1480 puellam
1297 1429 1400 1468 illam
1437 1428 1542 1467 iuxta
1578 1428 1736 1467 Timan-

216 1496 326 1535 dram
357 1495 537 1548 positam,
576 1494 741 1546 Euopin,
779 1494 967 1546 Tyndarei
1000 1496 1117 1535 liliam
1150 1509 1235 1535 esse
1266 1496 1382 1542 dices,
1413 1508 1492 1534 non
1522 1495 1645 1541 Icarii,
1676 1496 1738 1535 cui

216 1569 370 1616 praeter
389 1562 622 1614 Penelopam
645 1561 741 1601 filias
763 1561 883 1601 fuisse
904 1575 983 1602 non
1008 1563 1245 1607 traditur-²⁸).
1294 1564 1371 1602 lam
1394 1575 1493 1614 quae
1512 1569 1738 1614 argumenta

216 1644 258 1670 se
296 1630 484 1683 praebent
523 1629 752 1675 adhibenda,
791 1642 896 1669 mera
935 1631 1190 1682 mythologica
1229 1637 1342 1678 sunt;
1382 1631 1448 1670 sed
1479 1631 1517 1669 in
1549 1630 1740 1682 Tyndarei

216 1698 360 1739 familia
391 1710 578 1751 personae
610 1702 688 1736 tam
720 1704 869 1737 veteres
901 1701 994 1736 sunt
1025 1701 1181 1747 tamque
1210 1697 1375 1737 dilucide
1396 1698 1621 1738 etiamnunc
1641 1698 1742 1738 divi-

215 1778 304 1806 nam
337 1765 525 1817 originem
556 1766 739 1817 produnt‚
772 1771 816 1804 ut
845 1764 878 1803 ei
901 1764 967 1815 qui
989 1765 1103 1803 hasce
1133 1765 1212 1803 vias
1233 1762 1405 1802 firmiore
1425 1764 1520 1814 pede
1541 1776 1740 1815 permeare

215 1833 440 1881 assueverit,
459 1833 516 1874 uti
533 1833 607 1874 illis
624 1833 726 1873 haud
743 1833 920 1873 illicitum
939 1832 1126 1872 videatur.
1167 1831 1343 1871 Phoebae
1360 1844 1515 1880 nomen,
1530 1845 1608 1882 quo
1626 1832 1739 1871 Euri-

216 1902 325 1955 pides
345 1902 495 1942 tertiam
515 1901 707 1954 Tyndarei
727 1901 843 1940 filiam
867 1905 988 1947 vocat,
1011 1899 1180 1951 alioquin
1199 1899 1369 1939 occurrit
1386 1899 1425 1939 in
1441 1901 1558 1940 altera
1575 1900 1739 1953 Leucip-

216 1970 318 2023 pide,
337 1982 470 2010 sorore
488 1969 688 2016 ‘Hilairae’‚
706 1969 809 2020 quod
828 1969 960 2009 Lunae
976 1981 1192 2019 cognomen
1210 1981 1295 2008 esse
1313 1974 1475 2008 testatur
1488 1968 1740 2020 Empedocles

217 2038 415 2085 (Plumae.
427 2037 507 2076 lun.
522 2037 651 2089 p.920
664 2037 736 2087 C.),
753 2037 907 2076 Phoebe
924 2049 1039 2088 porro
1057 2042 1216 2075 vocatur
1225 2035 1455 2088 Hyperionis
1465 2036 1613 2075 Titanis
1632 2049 1738 2083 uxor,

216 2112 341 2146 mater
370 2105 482 2152 Solis,
512 2105 657 2152 Lunae,
689 2106 872 2152 Aurorae,
903 2104 943 2143 in
964 2117 1042 2156 quo
1064 2104 1303 2143 monendum
1327 2104 1586 2156 Hyperionem
1609 2104 1738 2156 ipsum

216 2173 312 2212 nihil
333 2186 451 2225 quam
483 2185 699 2225 cognomen
723 2172 823 2212 Solis
853 2185 937 2211 esse
965 2184 1128 2224 persona
1150 2172 1345 2212 indutum.
1395 2173 1437 2212 Id
1458 2179 1561 2213 certe
1583 2179 1741 2225 apparet

216 2254 360 2281 nomen
397 2241 530 2280 tertiae
567 2240 656 2280 illus
687 2240 917 2292 Tyndaridis
948 2239 1094 2279 summi
1124 2240 1315 2279 momenti
1344 2240 1569 2292 altiorisque
1601 2253 1739 2281 sensus

217 2321 301 2348 esse
332 2315 369 2348 et
401 2308 433 2347 si
463 2320 551 2347 cum
584 2308 794 2347 Timandra
825 2313 864 2346 et
893 2307 1092 2354 Philonoa,
1125 2308 1170 2346 de
1201 2307 1344 2358 quibus
1374 2308 1595 2359 ambigitur,
1627 2320 1738 2347 com-

216 2382 386 2430 paratur,
419 2377 543 2416 multo
571 2376 732 2429 propius
764 2375 944 2415 accedere
975 2374 1022 2414 ad
1045 2374 1272 2414 Philonoam
1301 2375 1520 2426 virginitate
1546 2376 1739 2427 insignem

307 2477 348 2516 ²⁷)
376 2476 521 2509 Videtur
547 2476 579 2508 id
606 2476 762 2519 Euripidi
788 2476 916 2517 debere,
942 2475 971 2507 si
996 2475 1091 2507 modo
1109 2473 1307 2515 ,‚Pl10ebas“
1324 2485 1452 2518 quoque
1470 2475 1522 2515 (dc
1540 2476 1739 2509 cassandra.
1788 2483 1794 2489 ·

217 2533 289 2566 Am.
312 2532 340 2566 ll
363 2533 394 2574 ὃ,
411 2533 463 2566 12.
495 2532 602 2566 Trist.
624 2533 650 2566 11
674 2534 755 2577 400)
790 2533 954 2566 rariorem
982 2543 1097 2566 vocem
1129 2533 1162 2565 in
1189 2532 1261 2575 ipso
1287 2532 1450 2576 Euripide
1476 2533 1561 2575 legit
1585 2533 1640 2576 qui
1669 2543 1741 2566 eam

218 2610 258 2614 —
279 2601 374 2630 unus,
399 2590 484 2632 quod
513 2591 615 2622 sciam
633 2610 675 2614 —
693 2590 830 2623 exhibet
847 2590 925 2622 Hcc.
946 2590 1020 2621 827.
1073 2589 1165 2622 Unde
1191 2590 1335 2621 Ovidius
1360 2589 1484 2622 Troiae
1509 2590 1639 2621 moenia
1665 2600 1740 2621 esse

216 2645 403 2680 ‘Phoebeae
428 2651 557 2680 structa
584 2657 706 2681 canore
730 2646 839 2692 lyrae'
867 2645 944 2680 ller.
963 2645 1041 2679 XVI
1063 2646 1126 2681 180
1152 2645 1241 2688 (XV,
1268 2646 1308 2679 76
1336 2646 1386 2687 R.)
1413 2646 1621 2690 comperuit?

308 2704 350 2743 ²⁸)
376 2702 574 2734 Pausaniam
600 2703 672 2736 Vlll
700 2704 753 2744 34,
771 2704 790 2735 2
817 2704 893 2743 etsi,
923 2708 1095 2746 postquam
1130 2703 1170 2735 de
1200 2703 1333 2736 Perilao
1363 2703 1463 2736 Icarii
1495 2703 1567 2735 filio
1600 2703 1740 2744 quodam

217 2759 394 2800 disseruit,
423 2759 533 2791 addit:
565 2759 765 2801 „postmodo
796 2758 901 2792 lcario
936 2760 1037 2793 etiam
1068 2760 1155 2792 filias
1184 2765 1281 2793 natas
1309 2760 1419 2803 esse“,
1447 2771 1509 2792 non
1539 2760 1616 2803 plus
1645 2769 1740 2801 quam

217 2826 315 2850 unam
332 2816 533 2859 Penelopam
561 2825 658 2848 nosse
684 2825 819 2849 necesse
846 2821 909 2857 est,
935 2817 1025 2849 sicut
1043 2828 1103 2849 nos
1127 2815 1199 2848 fere
1216 2817 1256 2849 de
1273 2816 1408 2850 Perilao
1434 2817 1546 2849 dicere
1565 2816 1741 2858 possimus,

218 2885 281 2906 non
309 2878 422 2906 notum
449 2872 586 2905 aliunde
612 2883 686 2905 esso
713 2871 844 2913 „lcario
871 2873 973 2905 etiam
1001 2873 1089 2904 filios
1118 2872 1258 2905 fuisse“.
