1937 3315
847 162 1140 206 ..30-

236 282 379 322 mentis
417 280 653 332 Etruscis²⁵)
691 281 808 321 Parca
851 282 1025 321 cernitur
1061 281 1238 333 Meleagri
1278 294 1451 322 amorem
1491 280 1596 320 clavo
1636 286 1746 333 pacto

236 353 431 390 evertensl
478 357 516 389 et
561 351 598 388 in
644 351 854 390 vascularia
896 356 996 397 arte,
1042 363 1138 402 quae
1175 350 1331 401 quidem
1368 349 1604 402 tragoediam
1636 349 1748 401 sapit,

235 418 374 458 Furiae
413 418 556 458 aliusve
596 418 796 458 daemonis
838 418 957 470 ligura
996 418 1249 470 significatur,
1294 432 1371 470 quo
1412 418 1613 471 pertinent
1632 414 1747 470 Ἄτη,

228 484 413 539 Ἀπάτη,
439 487 621 539 Οἷσιρος
652 484 824 525 Λύσσα.
874 486 970 525 ltem
1003 499 1090 526 cum
1124 486 1283 525 deorum
1316 486 1483 539 quisque
1504 499 1575 525 suo
1596 490 1748 524 tantum

235 554 397 593 nomine
421 555 479 592 vel
502 560 665 592 naturae
683 565 777 592 suae
796 554 1053 593 conveniente
1071 554 1190 593 cultui
1210 554 1263 593 vel
1286 554 1526 594 carminibus
1543 554 1749 604 desumpto

235 622 296 673 (ut
324 621 473 662 Nereus
505 616 629 668 ἅλιος
658 622 813 674 γέρων,
851 622 1044 662 Vulcanus
1079 619 1313 670 Δαίδαλος,
1355 624 1474 675 Argos
1507 616 1750 673 Πανόπτης,

238 690 415 730 Pandora
454 685 787 743 Ἀνησιδώραῖὃ)
846 691 1074 742 insignitur,
1134 698 1217 730 tum
1266 691 1397 730 Amori
1450 690 1563 729 unice
1597 686 1749 741 ‘'Eqwg,

235 756 410 806 Πόθος,
452 753 613 810 Ἵμερος
658 758 815 798 inscribi
858 764 997 810 potest,
1049 770 1128 797 uon
1172 756 1350 805 Φθόνος
1397 769 1542 797 nomen
1590 757 1684 796 adeo
1730 767 1750 794 a

236 833 373 866 natura
413 826 514 865 illius
553 826 780 865 abhorrens.
837 830 961 878 Atque
1000 826 1032 865 si
1073 839 1178 866 nuuc
1219 826 1362 876 Amori,
1404 838 1536 865 nonne
1566 825 1658 864 alias
1689 823 1750 862 alii

237 894 428 934 malorum
466 893 586 932 invito
623 895 770 933 auctori
805 891 982 941 Φθόνος
1018 894 1178 933 inscribi
1208 894 1364 946 poterit,
1400 894 1503 932 velut
1534 893 1573 931 in
1604 892 1749 943 Hippo-

238 962 314 1013 lyto
346 962 489 1001 Dianae
527 962 660 1013 potius
700 974 816 1013 quam
851 960 1006 1001 Veneri!
1062 962 1176 1001 Vides
1216 967 1457 1014 quantopere
1489 965 1647 1012 accepto
1677 959 1751 998 isto

236 1030 399 1070 nomine
444 1042 534 1069 cum
579 1041 709 1069 rerum
758 1029 916 1069 veritate
962 1030 1200 1070 collidamus.
1274 1030 1380 1077 Quae
1426 1041 1515 1068 cum
1560 1028 1612 1068 ita
1658 1028 1750 1072 siut,

236 1098 362 1149 pictor
393 1104 460 1137 aut
491 1103 568 1136 tam
602 1098 733 1148 inepte
765 1097 854 1147 egit,
885 1103 928 1136 ut
959 1097 1203 1148 diligentiore
1224 1096 1544 1149 interpretatione
1568 1095 1750 1147 indignus

239 1170 343 1205 esset
372 1177 501 1217 neque
534 1165 624 1216 quid
656 1164 900 1216 cogitavisset
931 1165 1144 1205 homuncio
1177 1166 1309 1218 quaeri
1342 1170 1562 1217 oporteret,
1601 1171 1668 1203 aut
1699 1185 1752 1190 —

238 1233 341 1285 quod
388 1232 501 1283 longe
548 1232 784 1284 probabilius
823 1258 876 1261 —<
923 1233 1064 1272 erravit
1100 1234 1229 1285 aliquo
1269 1233 1384 1273 modo
1416 1233 1456 1272 in
1487 1231 1752 1272 describendis

241 1300 406 1354 exempli
438 1301 498 1341 sui
531 1300 771 1348 nominihus,
804 1301 854 1340 ita
887 1300 1056 1353 quidem,
1089 1308 1133 1341 ut
1163 1314 1246 1341 eam
1270 1314 1347 1353 quo
1368 1301 1586 1353 pertinebat
1608 1311 1752 1339 nomen

241 1371 402 1420 liguram
435 1368 644 1408 omitteret.
696 1369 765 1408 Cui
800 1369 1013 1420 suspicioni
1037 1382 1270 1423 magnopere
1292 1371 1394 1410 favet
1416 1369 1610 1410 vasculum
1633 1367 1754 1408 Rubis

239 1443 439 1490 repertum
458 1437 504 1477 ab
519 1437 795 1489 Heydemanno
815 1439 935 1489 (apud
953 1439 1105 1477 Koerte.
1124 1439 1285 1477 Person.
1304 1439 1340 1476 d.
1357 1439 1491 1476 Afl'ect.
1510 1437 1576 1476 auf
1589 1436 1753 1476 Vasenb.

241 1518 275 1557 p.
296 1504 367 1557 56)
393 1504 647 1557 descriptum,
674 1504 739 1544 ubi
762 1518 850 1545 cum
870 1504 1059 1557 Meleager
1083 1506 1282 1546 advolante
1301 1504 1455 1558 (matris
1482 1504 1596 1556 nutu)
1614 1504 1753 1543 Amore

239 1574 360 1624 spolia
391 1572 550 1624 viragini
585 1574 714 1619 tradit,
746 1574 851 1613 adest
882 1588 902 1613 a
934 1575 1065 1613 «lextra
1097 1579 1205 1625 parte
1236 1575 1340 1613 iuxta
1368 1575 1560 1613 Venerem
1590 1573 1753 1611 daemon

239 1641 396 1679 feminei
437 1646 480 1679 ut
520 1640 560 1679 fit
598 1641 750 1692 speciei,
789 1641 922 1688 alatus,
961 1641 1084 1681 facem
1124 1648 1161 1681 et
1192 1642 1358 1693 gladium
1390 1653 1543 1692 gerens.
1604 1639 1678 1686 Qui
1709 1650 1754 1677 ex

240 1721 286 1747 eo
316 1720 458 1760 genere
490 1713 569 1753 est,
606 1708 710 1760 quod
742 1709 960 1748 sexcenties
993 1709 1032 1748 in
1064 1710 1224 1749 vasculis
1256 1709 1419 1749 iunioris
1450 1708 1585 1748 aetatis
1616 1707 1754 1759 appin-

241 1776 344 1826 gitur
375 1776 419 1815 ad
452 1776 698 1815 indicandam
731 1776 886 1815 fatalem
918 1777 973 1815 rei
1004 1783 1316 1829 repraesentatae
1347 1783 1528 1816 naturam
1559 1776 1616 1815 vel
1639 1786 1754 1814 even-

238 1851 346 1892 tum3
392 1843 607 1883 cuiusmodi
653 1844 797 1895 figurae
842 1857 1006 1897 quarum
1054 1859 1168 1898 supra
1208 1846 1366 1886 uomina
1404 1845 1513 1885 attuli
1556 1844 1754 1890 nonnulla,

240 1925 317 1964 quo
349 1913 482 1951 minus
510 1912 715 1952 deficiente
743 1912 997 1965 inscriptione
1025 1914 1243 1966 nuncupari
1265 1919 1372 1953 certo
1395 1914 1554 1953 nomine
1576 1918 1756 1965 possunt,

241 1994 285 2021 eo
334 1982 454 2033 magis
486 1981 588 2020 inter
619 1986 674 2019 tot
707 1981 787 2020 Fati
820 1982 977 2020 nomina
1011 1979 1194 2021 Φθόνον
1227 1994 1384 2033 quoque
1414 1982 1596 2021 adhibere
1627 1980 1757 2025 licuit3

241 2050 292 2088 ita
325 2057 367 2089 ut
401 2049 489 2088 huic
520 2049 678 2099 figurae,
711 2055 909 2099 utcunque
938 2061 1020 2088 eam
1045 2049 1117 2088 dici
1138 2049 1264 2101 pictor
1287 2050 1418 2096 voluit,
1449 2048 1697 2100 responderit
1718 2047 1757 2086 in

240 2123 375 2157 nostra
411 2116 560 2168 pictura
597 2117 762 2156 daemon
802 2129 905 2155 nunc
936 2128 1066 2156 errore
1094 2117 1275 2157 omissus.
1326 2118 1470 2156 Vereor
1498 2129 1547 2156 ne
1580 2116 1757 2162 existant,

241 2185 306 2237 qui
359 2185 401 2224 in
446 2185 624 2224 Rubiano
678 2184 832 2223 vasculo
887 2184 998 2237 quasi
1043 2184 1298 2225 coniunctum
1344 2197 1427 2225 esse
1472 2197 1561 2225 cum
1608 2184 1759 2223 Venere

243 2254 472 2292 daemonem
526 2253 679 2292 fatalem
726 2258 763 2291 et
809 2252 857 2291 ab
899 2253 1039 2292 Amore
1070 2252 1280 2304 Meleagreo
1325 2254 1432 2306 quasi
1477 2266 1609 2293 secum
1659 2252 1759 2291 trahi

242 2321 494 2361 contendant.
558 2321 633 2360 Sed
673 2320 901 2366 relabimur,
949 2321 1053 2360 uude
1090 2321 1151 2359 vix
1187 2322 1432 2361 emersimus.
1492 2322 1598 2374 Nego
1635 2320 1761 2361 causis

242 2389 446 2442 expositis,
499 2400 596 2440 nego
647 2388 822 2440 potuisse
872 2389 918 2428 ab
968 2389 1047 2428 ullo
1094 2390 1238 2429 Graeco
1284 2391 1415 2430 Amori
1465 2396 1502 2430 et
1553 2391 1761 2443 praecipue

244 2459 285 2498 in
329 2457 396 2497 tali
445 2470 577 2497 rerum
624 2456 852 2496 condic-ione
897 2469 974 2496 non
1011 2455 1166 2510 Ἔρως,
1211 2459 1270 2498 vel
1307 2455 1468 2513 Ἵμερος
1511 2459 1568 2499 vel
1610 2456 1764 2504 Πόθος

249 2527 316 2566 sed
350 2520 531 2572 Φθόνος
562 2525 744 2572 inscribi3
783 2537 910 2577 neque
943 2537 1040 2577 quae
1072 2526 1216 2577 figurae
1248 2527 1452 2567 deficiente
1493 2527 1616 2580 spatio
1657 2526 1761 2566 iuxta

353 2635 396 2677 2⁶)
422 2635 456 2667 in
482 2634 618 2676 speculo
645 2633 821 2665 notissimo
848 2637 882 2665 et
906 2634 939 2665 in
966 2633 1051 2665 cista
1078 2632 1295 2667 Praenestina
1319 2645 1337 2668 a
1364 2633 1529 2668 h'ekult'eio
1544 2635 1634 2668 edita
1662 2635 1762 2667 Arch.

244 2691 320 2734 Ztg.
349 2691 433 2724 1862
463 2692 531 2723 tab.
562 2691 635 2722 164.
666 2691 738 2730 155,
763 2690 820 2723 ubi
845 2691 981 2723 daemon
1008 2690 1066 2723 ille
1092 2691 1177 2724 salso
1203 2703 1262 2735 pro
1289 2692 1440 2725 Victoria
1464 2692 1619 2725 habetur.

359 2749 400 2791 ²⁶)
425 2749 547 2781 Cetera
573 2759 656 2791 quae
681 2748 780 2780 afl'crt
805 2748 956 2789 exempla
983 2747 1078 2779 Jahn.
1122 2748 1444 2789 Vasen-Sauiuilung
1468 2760 1497 2791 p.
1516 2747 1681 2789 cstq.
1706 2752 1765 2780 aut

245 2811 438 2843 certissime
464 2809 551 2843 fusa
577 2815 665 2850 suut,
691 2815 728 2842 ut
752 2802 995 2846 AtO511>O5
1019 2810 1118 2855 <quod
1144 2812 1184 2843 ad
1209 2804 1591 2848 AtonY5O51-edit
1615 2816 1673 2844 aut
1689 2821 1765 2852 gra-

246 2875 395 2907 vissimis
420 2874 690 2907 dubitutiouibus
717 2874 871 2907 obnoxia.
