1937 3315
860 185 1153 226 -48-

250 301 348 339 Tum
383 301 568 340 suadente
597 301 761 348 Hecuba,
793 315 889 353 quae
920 303 1039 350 adest,
1072 303 1256 349 Menelao,
1290 316 1509 344 sermonem
1541 304 1639 343 inire
1662 305 1759 351 (906

249 369 417 416 —910)‚
450 368 532 409 hic:

307 450 405 488 ME.
438 448 594 503 σχολῆς
624 447 671 489 τὸ
704 447 870 501 δῶρον·
889 449 928 489 εἰ
959 449 1006 490 δὲ
1038 448 1241 503 βούλεται
1272 450 1425 503 λέγειν,

435 514 588 563 ἔξεστι.
620 518 704 557 τῶν
724 518 812 557 σῶν
833 516 877 557 δ’
893 514 1047 569 οὕνεχ’,
1071 516 1126 565 ὠς
1146 517 1285 572 μάθῃ,
1308 515 1450 570 λόγων
1466 520 1528 573 (ad
1547 520 1759 568 Hecubam)

436 582 562 625 δώσω
593 583 692 625 τόδ’
723 582 840 642 αὐτῇ,
872 585 996 639 τῆςδε
1026 585 1073 626 δ’
1106 582 1155 626 οὗ
1185 585 1311 627 δώσω
1343 587 1481 640 χάριν.

305 654 405 691 ΕΛ.
438 653 544 699 ἴσως
573 668 638 706 με,
671 651 750 693 κᾶν
781 649 827 693 εὖ
857 651 935 695 κᾶν
965 654 1103 702 κακῶς
1134 651 1245 701 δόξω
1277 652 1430 705 λέγειν,

435 717 511 760 οὒκ
542 718 803 775 ἆνῑαμεὶψει
836 719 1052 776 πολεμίαν
1082 721 1329 776 ἡγούμενος.

433 782 515 837 ’ἐγώ
547 787 603 835 δ’,
636 784 664 826 ἅ
694 788 737 828 σ’
769 789 895 841 οἶμαι
928 788 1005 829 διὰ
1034 787 1175 839 λόγων
1207 788 1317 831 ἰόντ’
1349 789 1455 843 ἐμοῦ

435 854 758 909 κατηγορήσειν,
790 854 1016 896 dumosa&
1047 854 1297 910 ἀμείψομαι
1329 856 1415 897 κτλ.

246 938 346 978 Haec
377 940 407 978 si
435 939 538 991 Ibyci
568 940 788 980 auctoritati
819 941 960 987 tribuo,
992 942 1092 981 haud
1124 954 1268 989 vereor,
1301 955 1349 981 ne
1380 942 1497 982 nimis
1527 950 1757 995 occupatum

246 1007 374 1047 studio
404 1014 606 1048 auctorum
630 1008 823 1062 Euripidis
844 1009 1148 1061 indagandorum
1179 1009 1256 1049 falli
1287 1022 1348 1050 me
1369 1010 1491 1058 dicas;
1522 1010 1642 1050 immo
1664 1023 1759 1050 con-

244 1089 368 1115 nexus
408 1083 483 1115 tam
522 1077 754 1117 manifestus
791 1085 850 1117 est
887 1084 926 1117 et
961 1079 1141 1129 ambages
1178 1077 1273 1117 istae
1304 1085 1380 1117 tam
1413 1091 1491 1118 non
1522 1079 1759 1118 necessariae

244 1151 337 1183 sunt
367 1144 458 1183 huic
488 1145 671 1192 sermoni,
710 1146 776 1196 qui
807 1146 962 1198 dempto
993 1146 1094 1198 Ibyci
1125 1146 1299 1197 exemplo
1330 1147 1460 1186 statim
1492 1159 1561 1199 per
1589 1147 1758 1187 convicia

243 1211 282 1249 in
314 1211 435 1250 vicem
468 1212 564 1251 iacta
596 1225 704 1252 more
736 1214 902 1253 maxime
934 1214 1077 1265 tragico
1108 1213 1197 1252 iniri
1227 1220 1389 1265 poterat,
1431 1220 1475 1253 ut
1505 1221 1654 1254 tantum
1688 1216 1758 1254 do-

242 1278 398 1317 lendum
432 1279 493 1326 sit,
527 1293 604 1320 non
634 1282 744 1332 plura
776 1282 891 1321 huius
922 1288 1057 1333 poetae
1087 1281 1244 1331 vestigia
1266 1281 1304 1319 in
1327 1282 1507 1333 Euripide
1528 1282 1615 1333 legi.
1675 1283 1757 1321 Μο-

242 1346 414 1385 nendum
453 1348 583 1396 etiam,
624 1361 844 1389 sermonem
882 1349 990 1388 illum
1029 1348 1129 1400 apud
1160 1348 1317 1400 Ibycum
1360 1349 1421 1388 vix
1451 1349 1498 1388 ab
1528 1350 1611 1389 aliis
1642 1351 1758 1389 rebus

240 1414 430 1466 incepisse
452 1428 566 1466 quam
590 1417 855 1468 Euripideum,
887 1417 1032 1455 scilicet
1061 1430 1081 1454 a
1113 1416 1381 1467 deprecatione
1412 1417 1590 1455 muliebri
1622 1418 1757 1456 mortis

242 1484 434 1524 instantis.
494 1484 697 1537 Euripides
733 1486 785 1526 ita
825 1484 939 1525 modo
977 1496 1056 1523 rem
1100 1484 1311 1535 paullulum
1343 1491 1590 1525 commutans
1621 1497 1757 1525 scenae

239 1552 444 1603 adaptavit,
477 1559 521 1591 ut
549 1553 815 1605 interponeret
845 1553 997 1592 tertiam
1025 1564 1231 1603 personam
1262 1564 1331 1603 per
1361 1565 1401 1591 se
1431 1552 1661 1591 levissimam
1686 1553 1758 1596 hoc

239 1620 334 1668 loco,
363 1620 426 1660 sed
448 1620 494 1660 ad
516 1634 630 1672 quam
655 1623 833 1670 mediam,
857 1629 898 1662 ut
919 1621 962 1661 fit
983 1620 1021 1660 in
1044 1619 1250 1671 incipiente
1271 1620 1528 1667 altercatione,
1551 1620 1663 1660 verba
1685 1633 1755 1660 sua

238 1688 284 1726 ad
306 1689 465 1726 alteram
491 1690 685 1728 tendentia
716 1691 779 1728 ille
807 1690 970 1739 dirigere
989 1694 1131 1739 posset.
1191 1687 1382 1726 Nimirum
1414 1687 1634 1726 auctoritati
1655 1687 1756 1738 Ibyci

237 1755 398 1795 minime
429 1755 568 1804 obstat,
600 1758 702 1810 quod
733 1757 825 1797 alias
856 1779 910 1785 —
941 1758 1103 1795 fortasse
1134 1755 1270 1795 notitia
1300 1762 1432 1795 nostra
1463 1754 1664 1795 deficiente
1696 1778 1750 1782 —

236 1823 415 1874 Ibyceum
448 1823 544 1863 nihil
574 1825 614 1863 in
642 1824 826 1876 Euripide
855 1822 1150 1866 invenimus⁶⁰).
1210 1823 1305 1861 Nam
1338 1822 1442 1873 quod
1473 1824 1519 1861 de
1539 1823 1754 1874 Polyxenae

237 1897 363 1931 morte
394 1891 513 1931 schol.
536 1890 682 1931 Hecub.
706 1891 755 1930 41
790 1891 972 1931 traditur:
1003 1887 1090 1932 ὑπὸ
1125 1888 1435 1944 Νεοπτολέμου
1458 1890 1598 1944 φασὶν
1618 1886 1754 1943 αὐτὴν

237 1961 575 2013 σφαγιασθῆναι
599 1956 846 2012 Εὖριπίδης
867 1960 939 1998 καὶ
954 1957 1128 2010 Ἴβυκος,
1163 1960 1276 1998 modo
1298 1960 1473 1997 conferas
1496 1958 1614 1996 schol.
1636 1958 1752 1996 Arist.

237 2026 349 2079 Vesp.
380 2027 473 2075 711,
515 2027 580 2067 ubi
610 2027 656 2066 de
686 2026 757 2066 alia
788 2027 953 2079 quadam
986 2039 1026 2066 re
1056 2026 1150 2066 item
1182 2026 1341 2066 dicitur:
1372 2023 1396 2080 ἡ
1430 2023 1602 2078 ὶσιορὶα
1631 2023 1755 2078 παρὰ

228 2090 377 2147 Ἰβύκῳ
408 2094 480 2133 καὶ
514 2091 734 2147 Εὐριπίδῃ
773 2107 1006 2145 quamquam
1045 2094 1118 2133 alio
1150 2093 1372 2133 testimonio
1408 2093 1570 2132 eandem
1606 2092 1681 2132 iam
1713 2093 1752 2131 in

235 2162 348 2203 lliade
379 2176 493 2215 parva
524 2162 644 2203 fuisse
675 2162 899 2215 constatffl).

347 2326 390 2366 ⁸0)
415 2325 476 2357 llic
502 2335 610 2357 sermo
636 2324 886 2366 repraesentari
912 2324 1046 2356 videtur
1073 2324 1104 2355 in
1132 2323 1269 2356 vasuclo
1296 2322 1472 2355 liberioris
1497 2322 1584 2354 artis
1610 2321 1659 2362 (R.
1680 2321 1747 2353 Ro·
1801 2350 1804 2352 .

233 2383 346 2415 chette
379 2382 469 2414 Mon.
500 2382 544 2413 in.
579 2381 619 2422 pl⁴
655 2380 709 2412 66.
741 2380 843 2412 Arch.
875 2379 950 2420 Ztg.
986 2380 1071 2412 1848
1101 2380 1182 2413 Tab.
1210 2380 1261 2420 15,
1291 2380 1318 2420 1,
1349 2378 1533 2411 Overbeck.
1570 2377 1647 2409 Her.
1675 2376 1749 2409 Gal.

232 2439 313 2472 Tab.
340 2438 467 2480 XXVI,
487 2438 552 2479 17),
580 2437 635 2469 ubi
661 2437 692 2468 in
719 2447 777 2469 ara
795 2435 948 2469 Palladio
974 2438 1112 2478 munita,
1138 2447 1233 2479 quam
1251 2446 1269 2468 a
1287 2435 1428 2469 sinistra
1447 2440 1541 2478 parte
1561 2434 1750 2467 Cassandra

232 2497 349 2537 refuga
392 2495 482 2538 cepit
522 2493 683 2526 libatorio
715 2493 847 2536 appicto
879 2498 913 2525 et
944 2495 1175 2537 persequentis
1208 2492 1441 2533 iulgatissima
1473 2491 1579 2532 figura
1612 2491 1748 2532 cognitu

232 2553 381 2595 facilior,
412 2552 533 2584 mulier
564 2552 661 2583 sedet
693 2555 808 2582 ornata
841 2555 873 2582 et
905 2549 1072 2590 formosa,
1106 2559 1187 2593 quae
1219 2560 1292 2581 cum
1316 2549 1391 2581 viro
1417 2547 1558 2580 imberbi
1585 2558 1602 2579 a
1629 2547 1746 2579 dextra

232 2614 328 2653 parte
353 2609 511 2644 veniente
538 2612 571 2641 et
594 2617 746 2648 gressum
763 2606 954 2639 sustinente
972 2607 1197 2649 colloquitur3
1223 2606 1254 2638 in
1273 2616 1335 2649 quo
1354 2604 1580 2646 memorabile,
1606 2604 1748 2636 alteram

231 2667 329 2701 illius
360 2677 542 2707 mammam,
574 2665 649 2698 viro
682 2665 871 2707 adversam,
903 2669 1041 2708 praeter
1065 2663 1338 2697 consuetudinem
1366 2662 1521 2696 nudatam
1547 2671 1633 2702 esse,
1668 2661 1747 2700 (non

231 2726 373 2758 alteram
399 2734 538 2767 quoque,
564 2728 602 2755 ut
627 2723 659 2755 in
679 2721 883 2754 Overbeckii
908 2722 1022 2754 tabula
1048 2722 1195 2761 videtur,
1223 2720 1276 2752 cui
1301 2720 1373 2762 ipsa
1397 2720 1601 2752 lineamenta
1619 2717 1750 2749 obstre-

231 2785 336 2825 punt),
369 2782 522 2814 invenem
554 2780 660 2823 ipsum
686 2783 807 2819 autem,
842 2779 906 2811 nisi
931 2777 1046 2819 fallor,
1077 2778 1223 2819 gladium
1248 2777 1418 2816 amisisse3
1449 2780 1545 2808 certe
1569 2775 1602 2806 in
1629 2772 1749 2813 vagina

230 2849 342 2870 ansam
369 2838 540 2869 desidero:
566 2834 722 2867 confusas
746 2836 848 2868 habes
873 2835 963 2879 {byei
990 2841 1025 2867 et
1050 2835 1197 2868 Leschae
1223 2834 1407 2866 versiones.

344 2895 387 2938 θ’)
413 2905 442 2926 v.
469 2892 606 2926 Robert.
633 2892 653 2925 l.
681 2902 708 2925 c.
736 2903 766 2935 p.
795 2893 845 2924 77.
