1937 3315
787 137 1077 179 ...13-

182 256 348 309 Ορέστῃ
379 255 458 308 γὰρ
488 253 758 308 ἐκκομίζοντι
789 253 837 293 τὸ
867 253 942 307 τῆς
965 251 1217 306 Ἀρτέμιδος
1249 250 1405 299 ξόανον
1434 252 1481 293 ἐκ
1509 251 1688 307 Ταύρων

175 322 249 377 τῆς
278 324 475 371 Σκυθίας
511 320 701 376 χρησμὸς
742 319 967 370 ἐξέπεσεν,
1008 319 1055 361 ἓν
1091 318 1205 362 ἑπτὰ
1241 327 1460 375 ποταμοῖς
1497 319 1543 362 ἐκ
1581 321 1689 375 μιᾶς

177 391 316 444 πηγῆς
345 390 519 445 ῥέουσιν
549 385 919 429 ἀπολοῦσασθαν
952 385 974 429 ὁ
1005 388 1053 428 δὲ
1083 388 1322 442 πορευθεὶς
1353 389 1415 436 εἷς
1427 387 1595 443 Ῥήγιον
1615 390 1689 444 τῆς

169 454 353 506 Ἰταλίας
381 456 430 498 τὸ
462 454 566 508 ἄγος
597 453 848 510 ἀπενίψατο
880 455 927 497 ἓν
956 462 1048 503 τοῖς
1077 455 1328 509 λεγομένοις
1348 455 1585 510 διαφόροις
1615 458 1689 509 (sic

176 525 317 565 Vaticc.
349 526 437 573 duo,
470 523 705 578 διαχώροις
735 523 887 575 Ambr.)
909 529 1143 577 ποταμοῖς,
1176 522 1330 565 ἔπειτα
1351 524 1412 572 εἷς
1435 524 1690 576 Τυνδαρίδα

175 594 248 647 τῆς
269 592 470 639 Σικελίας
500 591 707 646 διῆλθεν·
740 589 782 632 οἳ
813 590 861 631 δὲ
892 588 1122 643 ἐπιχώριοι
1154 590 1229 645 τήν
1258 591 1369 633 θεὸν
1400 591 1535 640 ἰδίοις
1557 588 1689 647 ποιή-

176 670 287 714 μασι
328 658 686 714 καθυμνήσαντες
727 657 813 698 κτλ.
873 657 947 697 Ubi
986 658 1060 697 loci
1095 657 1302 711 descriptio
1337 659 1385 698 ab
1416 660 1572 700 oraculo
1603 660 1689 700 data

176 741 301 780 neque
331 729 378 768 ad
398 728 587 780 Rhegium
620 727 712 767 satis
742 726 905 779 quadrat
935 739 1059 779 neque
1087 727 1132 766 ad
1154 727 1267 767 aliam
1291 727 1406 767 ullam
1429 729 1567 769 mundi
1587 728 1690 769 anti-

176 796 243 847 qui
288 796 485 848 regionem
525 801 683 848 excepto
722 795 904 847 Aegypto.
971 795 1014 833 ln
1051 795 1213 833 eandem
1257 794 1358 834 viam
1397 795 1526 838 unice,
1546 795 1689 835 iustam

178 863 406 916 Tyndaridis
446 864 602 903 nomine
638 862 829 902 ducimur.
890 862 1134 913 Quamquam
1166 861 1352 913 oppidum
1383 862 1514 914 ipsum
1545 862 1690 902 seriore

176 937 362 982 tempore,
393 937 530 982 quarto
561 936 649 969 ante
670 930 759 969 Chr.
790 929 941 969 saeculo
961 929 1159 968 conditum
1183 934 1253 976 est,
1286 934 1415 969 tamen
1436 941 1525 969 cum
1546 942 1690 970 nomen

178 998 384 1051 cultusque
404 997 633 1052 Tyndaridis
666 998 783 1047 (unde
811 997 997 1051 oppidum
1019 1002 1289 1050 nuncupatum
1310 999 1385 1046 est)
1408 996 1449 1037 in
1470 1010 1514 1038 ea
1533 997 1690 1050 regione

176 1072 215 1106 et
244 1067 447 1118 praecipue
478 1066 578 1118 apud
602 1065 815 1105 Locrenses
846 1065 976 1117 oppidi
1002 1065 1223 1105 conditores
1245 1064 1370 1113 (Diod.
1392 1065 1476 1104 XIV
1498 1065 1568 1118 78)
1589 1065 1691 1106 anti-

176 1133 308 1186 quitus
338 1134 509 1182 florebat,
543 1140 626 1174 tum
658 1147 734 1186 quo
764 1133 895 1173 iunius
917 1134 1102 1186 oppidum
1124 1140 1206 1173 erat
1225 1133 1370 1186 absque
1391 1133 1565 1174 fabulosa
1585 1134 1692 1174 anti-

176 1203 321 1253 quitate
351 1202 535 1250 alienius,
567 1215 612 1241 eo
643 1202 774 1241 minus
804 1201 952 1253 antiqui
983 1202 1081 1241 ritus
1112 1201 1301 1253 originem
1331 1201 1420 1241 inde
1451 1202 1689 1254 repetierint,

177 1269 252 1310 nisi
282 1283 357 1323 qua
387 1276 490 1310 certa
520 1283 612 1311 ansa
633 1283 674 1310 se
696 1270 915 1324 praebente.
966 1270 1060 1310 Eam
1081 1270 1120 1310 in
1142 1269 1370 1323 Tyndaridis
1390 1270 1550 1310 nomine
1571 1270 1692 1311 fuisse

177 1339 365 1390 suspicor.
415 1339 539 1385 Quam
573 1339 802 1378 sententiam
834 1340 1061 1390 priusquam
1094 1340 1196 1378 inter
1227 1338 1500 1377 hariolationes
1530 1339 1690 1390 releges,

177 1406 272 1447 duas
302 1418 444 1459 quaeso
475 1418 537 1447 res
568 1411 696 1447 tecum
728 1412 884 1459 reputes
914 1405 960 1446 ad
983 1405 1159 1447 Orestem
1192 1405 1312 1446 istum
1340 1412 1379 1447 et
1405 1405 1565 1447 Dianam
1587 1405 1691 1447 Tau-

176 1475 295 1533 ricam
328 1481 556 1527 spectantes.
617 1475 789 1513 Primum
821 1475 1038 1514 innumeris
1067 1474 1162 1513 locis
1192 1474 1341 1521 accidit,
1374 1480 1417 1513 ut
1446 1487 1533 1515 cum
1567 1487 1692 1514 unum

177 1543 292 1582 modo
336 1555 480 1582 nomen
515 1543 555 1582 in
595 1541 777 1593 religione
815 1541 989 1581 fabulave
1024 1543 1203 1590 ferretur,
1243 1543 1504 1594 posteriorum
1542 1541 1692 1582 incuria

177 1610 466 1650 immisceretur
510 1616 671 1662 cognata
717 1609 842 1661 aliqua
880 1622 1045 1661 persona
1085 1609 1144 1648 vel
1183 1609 1331 1657 fabula,
1372 1616 1411 1650 at
1454 1609 1693 1649 alienissima

177 1677 224 1717 ab
263 1677 346 1717 eius
383 1677 456 1717 loci
493 1676 676 1730 peculiari
716 1682 877 1725 natura;
916 1676 968 1717 ita
1001 1682 1044 1716 ut
1072 1676 1112 1716 in
1144 1676 1288 1730 mythis
1319 1677 1563 1729 explorandis
1592 1677 1693 1718 nihil

177 1745 317 1785 habere
346 1745 543 1798 antiquius
574 1746 794 1791 debeamus,
826 1757 942 1797 quam
973 1752 1017 1784 ut
1037 1744 1266 1797 primarium
1289 1758 1433 1785 nomen
1455 1746 1692 1786 enucleando

178 1814 474 1862 constituamus,
516 1819 641 1854 cetera
670 1813 893 1853 abiciamus.
953 1813 1051 1853 Item
1081 1836 1135 1841 ——
1165 1814 1269 1865 quod
1300 1814 1415 1854 etiam
1447 1815 1496 1854 ad
1524 1814 1692 1854 Ariciam

178 1881 347 1934 pertinet
386 1905 440 1909 ——
481 1881 629 1921 Orestis
671 1881 817 1921 mentio
856 1880 952 1921 nihil
991 1881 1067 1921 huc
1105 1881 1214 1930 facit,
1257 1882 1378 1922 immo
1417 1882 1552 1923 subest
1582 1883 1693 1923 unice

177 1949 319 1989 Dianae
356 1949 418 1988 ille
457 1955 633 1989 vetustus
664 1949 802 1997 cultus,
843 1949 921 1988 sive
951 1949 1155 1989 Tauricam
1186 1962 1402 2003 nuncupas,
1434 1951 1513 1991 sive
1543 1951 1694 1990 Tauro-

178 2017 327 2069 polum,
361 2017 439 2056 sive
461 2016 699 2063 Phacelitim‚
732 2016 823 2064 sive,
856 2017 966 2057 cuius
994 2030 1041 2057 ex
1062 2018 1206 2071 templo
1228 2018 1413 2061 Helenam
1435 2018 1609 2058 Theseus
1629 2031 1693 2058 ra-

177 2085 264 2138 puit
294 2085 412 2138 (Plut.
445 2085 559 2125 Thes.
589 2085 671 2135 31),
705 2085 894 2125 Orthiam.
955 2085 1099 2125 Deinde
1136 2087 1444 2127 necessitudines
1475 2086 1617 2127 Dianae
1653 2091 1693 2126 et

180 2153 337 2192 Veneris
375 2165 491 2205 supra
531 2153 664 2192 allatae
694 2165 812 2203 quam
842 2153 916 2192 late
946 2157 1103 2204 pateant
1132 2152 1327 2205 respicias.
1378 2153 1480 2200 Quid
1511 2153 1543 2192 si
1572 2152 1689 2192 etiam

176 2222 372 2262 lavacrum
418 2221 510 2262 illud
531 2264 533 2266 ,
556 2221 596 2261 in
632 2220 859 2274 Tyndaridis
898 2220 1024 2260 fabula
1063 2228 1413 2262 commemoratum
1449 2221 1489 2261 in
1527 2220 1693 2262 Helenae

177 2289 316 2329 fabulis
347 2289 415 2329 tibi
447 2290 649 2330 ostendam
679 2289 795 2341 idque
826 2300 870 2327 eo
901 2288 996 2335 loco,
1028 2287 1139 2327 cuius
1161 2288 1371 2340 antiquitas
1393 2289 1628 2342 singularem
1651 2289 1691 2329 in

178 2357 339 2398 modum
371 2370 460 2398 cum
492 2358 652 2411 Aegypti
681 2357 839 2398 nomine
868 2356 910 2396 in
940 2355 1078 2396 fabulis
1109 2369 1283 2397 connexa
1313 2363 1384 2398 est.
1444 2357 1620 2410 Namque
1649 2357 1689 2397 in

178 2425 314 2466 Rhodo
335 2426 460 2466 insula
483 2439 584 2478 quae
604 2426 678 2466 fuit
703 2425 867 2465 Helenae
887 2426 988 2464 fama
1009 2429 1048 2464 et
1068 2421 1203 2474 religio
1221 2422 1351 2471 (Paus.
1368 2422 1419 2462 111
1436 2423 1499 2471 19,
1514 2423 1582 2475 10)
1604 2435 1692 2462 cum

178 2493 261 2545 ipsa
278 2494 529 2546 Therapnaea
549 2493 744 2539 certabat3
765 2492 843 2531 illic
858 2492 1000 2544 Polyxo
1021 2491 1211 2543 quaedam
1233 2490 1390 2529 inimica
1410 2491 1466 2530 illi
1485 2491 1559 2530 hoc
1579 2491 1695 2530 modo

178 2561 337 2602 insidias
359 2561 548 2602 struxisse
569 2563 693 2602 fertur
713 2557 789 2613 (ὠς
812 2558 966 2613 ἔλαβεν
987 2557 1119 2614 αὐτὴν
1140 2554 1409 2612 ὑποχείριον)
1432 2557 1693 2613 ἐπιπέμψαι

179 2626 221 2670 οἳ
272 2628 499 2684 λουμένῃ
547 2630 827 2684 θεραπαίνας
859 2625 1079 2682 Ἐρινύσιν
1126 2623 1403 2680 εἰκασμένας·
1443 2626 1497 2667 ita
1533 2626 1695 2684 capiunt

176 2697 303 2746 illam,
342 2705 494 2751 captam
532 2698 784 2749 strangulant.
843 2697 894 2737 At
927 2703 973 2736 ut
1011 2696 1155 2736 multae
1197 2708 1316 2736 unam
1357 2702 1588 2748 superarent
1617 2707 1696 2735 non

179 2776 277 2817 opus
318 2772 401 2806 erat
440 2765 503 2806 illa
534 2765 752 2814 occasione;
788 2764 909 2805 immo
941 2763 1081 2804 fabulis
1111 2763 1336 2804 tradebatur
1364 2763 1559 2804 lavacrum
1591 2763 1697 2803 deae.

179 2832 275 2871 Item
313 2835 352 2873 in
385 2833 591 2874 Furiarum
629 2834 701 2874 ista
733 2833 992 2874 similitudine
1022 2845 1091 2885 per
1122 2845 1162 2872 se
1193 2832 1294 2872 futili
1333 2838 1372 2872 et
1405 2832 1452 2871 ad
1486 2831 1694 2872 consilium
