1937 3315
548 384 894 437 SORIPTOR
930 385 1023 435 DE
1061 385 1231 435 VITA
1268 384 1416 436 SUA.

337 582 620 623 Maximilianus
636 581 765 633 Mayer
780 588 894 621 natus
912 594 999 621 sum
1019 581 1292 629 Primislaviae‚
1313 582 1354 621 in
1370 581 1514 634 oppido
1531 580 1733 626 Marchiae,

227 649 289 689 die
318 648 435 690 XXX.
468 650 615 690 mensis
646 650 810 701 Augusti
841 663 874 690 a.
894 651 929 689 h.
948 663 978 689 s.
1013 649 1108 697 LVI,
1148 655 1255 702 patre
1287 651 1418 698 Iosua,
1456 655 1578 689 matre
1608 649 1685 688 Eva
1715 662 1735 688 e

226 724 341 770 gente
363 718 563 766 Wolfiana,
585 718 966 769 Brandenburgensi,
990 731 1104 769 quam
1132 719 1384 770 superstitem
1406 730 1582 758 veneror.
1631 717 1734 756 Fidei

227 786 403 826 addictus
434 800 521 826 sum
554 787 755 826 mosaicae.
816 786 1047 826 Litterarum
1088 787 1290 826 elementis
1327 787 1520 826 imbutum
1556 792 1735 838 parentes

229 866 291 893 me
322 861 456 907 utpote
486 860 581 894 tunc
611 866 776 907 corpore
816 854 1070 893 infirmiorem
1101 854 1246 893 diutius
1278 867 1297 894 a
1329 855 1470 894 scholis
1501 853 1734 900 retinebant,

228 923 319 963 dum
365 923 525 963 Kfirteni
564 923 828 963 Berolinensis
863 923 973 970 ludo,
1014 922 1154 963 deinde
1197 925 1402 971 (autumno
1441 924 1531 963 anni
1572 922 1734 971 LXVIII)

229 991 480 1043 Leucophaeo
524 992 729 1030 mandatus
775 1003 885 1037 sum,
931 991 1036 1042 quod
1084 1004 1130 1029 eo
1176 997 1352 1042 tempore
1393 990 1558 1029 Bonitzii
1605 990 1736 1042 auspi-

227 1059 294 1099 ciis
337 1059 510 1099 florebat.
580 1059 628 1099 Et
668 1073 755 1099 cum
794 1060 1005 1099 statuariae
1049 1060 1213 1098 maxime
1249 1059 1322 1098 arti
1365 1060 1582 1105 studerem,
1628 1060 1737 1099 cuius

228 1127 417 1179 primitias
455 1127 672 1167 etiamtunc
714 1128 902 1180 gymnasii
940 1127 1154 1179 discipulus
1190 1127 1232 1166 in
1264 1127 1457 1178 KoenigH,
1504 1127 1736 1178 professoris

230 1208 335 1235 nunc
365 1196 713 1244 Darmstadtensis,
754 1196 908 1237 officina
949 1198 1118 1248 gustavi,
1155 1202 1289 1235 tamen
1320 1209 1408 1235 vere
1445 1196 1540 1236 anni
1570 1196 1738 1236 LXXVII

229 1271 387 1316 accepto
420 1265 656 1304 maturitatis
680 1265 906 1304 testimonio
938 1264 1217 1303 architecturae
1246 1263 1376 1314 potius
1408 1265 1582 1303 studium
1615 1272 1739 1304 matre

228 1332 433 1385 praecipue
467 1333 677 1384 instigante
707 1333 908 1384 ingressus
939 1345 1040 1372 sum.
1102 1333 1149 1371 At
1179 1332 1252 1371 iam
1287 1338 1368 1371 tum
1399 1332 1541 1372 Adlero
1574 1332 1739 1372 maxime

228 1400 427 1452 antiquam
466 1401 766 1440 architecturam
808 1401 1016 1453 explicanti
1056 1412 1211 1452 operam
1253 1400 1389 1439 dabam
1433 1407 1471 1439 et
1507 1401 1738 1440 lectionibus

228 1481 327 1520 quae
356 1469 397 1508 in
422 1468 637 1509 litterarum
663 1470 912 1509 universitate
933 1469 1176 1509 habebantur
1193 1469 1488 1519 archaeologicis
1510 1468 1738 1516 intereram3

229 1542 343 1588 atque
389 1537 478 1577 inde
518 1537 564 1576 ab
610 1549 712 1576 anno
752 1536 937 1576 LXXVIII
974 1544 1140 1577 exeunte
1178 1536 1338 1576 omnino
1380 1550 1443 1576 me
1488 1538 1740 1588 philologicae

229 1604 453 1656 disciplinae
483 1604 584 1643 dedi.
636 1605 859 1656 Insequenti
889 1617 992 1644 anno
1024 1604 1179 1644 Bonnas
1211 1618 1273 1643 me
1305 1605 1464 1650 contuli,
1496 1605 1561 1644 ubi
1592 1618 1737 1656 quam-

227 1685 343 1724 quam
376 1685 444 1724 per
463 1685 587 1711 unum
613 1679 800 1713 semestre
823 1673 966 1712 morari
984 1673 1125 1712 licebat
1149 1673 1282 1712 matris
1302 1673 1439 1712 morbo
1460 1673 1737 1721 intercedente,

225 1741 450 1781 incredibile
480 1747 670 1794 quantum
702 1742 946 1782 incitamenti
968 1748 1007 1781 et
1027 1742 1148 1794 frugis
1170 1741 1286 1781 breve
1309 1742 1400 1781 illud
1428 1747 1583 1793 tempus
1604 1754 1735 1781 secum

226 1809 371 1848 tulerit.
396 1809 620 1850 Berolinum
638 1822 821 1850 reversus
837 1811 882 1850 ad
901 1810 1154 1850 seminarium
1176 1810 1449 1862 philologicum
1468 1810 1615 1849 aditum
1632 1811 1737 1862 petii,

226 1878 336 1917 cuius
368 1878 513 1918 sodalis
545 1879 762 1918 ordinarius
794 1890 861 1930 per
893 1877 950 1917 bis
980 1890 1048 1917 sex
1081 1874 1226 1918 mens‘ts
1256 1878 1311 1917 fui
1333 1878 1737 1929 (LXXX—LXXXI).

226 1945 372 1985 Deinde
417 1946 503 1997 plus
545 1959 661 1998 quam
707 1948 798 1986 anni
842 1946 1011 1998 spatium
1059 1946 1097 1984 in
1136 1946 1293 1985 materia
1340 1946 1506 1997 quadam
1553 1959 1738 1998 perscru-

227 2014 339 2053 tanda
375 2014 578 2066 hucusque
616 2014 787 2066 neglecta
819 2020 857 2054 at
887 2014 1226 2064 archaeologorum
1260 2014 1389 2052 studia
1423 2015 1531 2053 valde
1561 2015 1737 2064 exigente

229 2088 403 2120 versatus
434 2094 539 2127 sum,
571 2082 683 2121 cuius
715 2094 855 2133 operae
885 2084 1018 2132 fruges
1050 2086 1092 2120 ut
1122 2093 1211 2119 mox
1241 2080 1386 2132 publici
1418 2081 1511 2120 iuris
1543 2082 1655 2127 fient,
1685 2082 1738 2121 ita

230 2149 274 2189 ad
306 2161 482 2189 summos
515 2149 553 2190 in
585 2150 828 2203 philosophia
860 2150 1029 2189 honores
1060 2149 1318 2201 capessendos
1352 2148 1475 2201 ipsam
1507 2148 1556 2189 ob
1588 2149 1737 2201 copiam

230 2217 346 2258 huius
391 2218 537 2268 negotii
579 2218 676 2258 fines
715 2218 966 2258 excedentem
999 2217 1128 2256 minus
1159 2223 1271 2269 aptae
1286 2229 1372 2257 esse
1409 2217 1650 2257 videbantur.
1682 2240 1738 2245 —

228 2286 454 2327 Docuerunt
496 2298 560 2326 me
606 2287 784 2339 Bernays,
829 2286 1032 2334 Bficheler‚
1076 2284 1240 2333 Kekule‚
1288 2286 1378 2332 Leo,
1423 2286 1470 2325 de
1514 2285 1736 2338 MosengeH,

228 2355 388 2401 Usener,
419 2353 635 2394 Wilmanns
674 2355 921 2401 Bonnenses,
963 2354 1133 2401 Curtius,
1166 2354 1359 2406 Droysen,
1394 2355 1565 2401 Hfibner,
1596 2355 1737 2394 Kirch-

229 2422 320 2470 hoff,
350 2421 589 2470 Mullenhoff,
621 2422 798 2470 Paulsen‚
831 2422 989 2469 Robert,
1020 2422 1196 2467 Scherer,
1228 2422 1275 2461 de
1305 2422 1545 2468 Treitschke,
1577 2422 1736 2466 Vahlen,

230 2492 348 2531 Zeller
380 2490 662 2531 Berolinenses.
718 2489 911 2530 Omnibus
943 2490 1003 2530 his
1026 2490 1129 2538 viris,
1160 2490 1325 2529 maxime
1348 2490 1519 2529 Vahleno
1541 2497 1580 2529 et
1600 2489 1737 2529 Kirch-

229 2559 367 2606 hoffio,
423 2571 592 2610 quorum
645 2559 883 2611 philologieis
928 2565 967 2599 et
1011 2558 1287 2611 epigmphicis,
1340 2559 1496 2610 Curtio,
1543 2558 1736 2605 Kekuleio,

229 2628 421 2676 Roberto,
460 2640 629 2679 quorum
661 2627 958 2679 archaeologicis
1000 2626 1158 2667 interfui
1201 2627 1564 2675 exercitationibus,
1594 2627 1738 2679 gratias

230 2710 301 2750 ago
332 2710 427 2751 quas
458 2697 592 2738 debeo.
652 2698 697 2738 In
727 2697 861 2751 primis
891 2696 1098 2743 Robertus,
1129 2695 1196 2747 qui
1226 2696 1468 2737 multimodis
1497 2696 1621 2737 studia
1653 2709 1738 2737 mea

230 2765 336 2806 auxit
366 2765 539 2817 fovitque
569 2766 746 2817 benigne,
777 2765 954 2805 animum
983 2776 1115 2804 meum
1146 2762 1220 2803 sibi
1253 2764 1435 2805 devinxit.
