1937 3315
789 183 1083 225 -28-

174 300 235 340 cni
257 300 432 354 symbolo
456 298 739 355 Ταυροπόλος
760 313 974 353 cognomen
1000 300 1233 341 Brauroniae
1255 301 1346 341 deae
1369 301 1512 349 (Strab.
1528 302 1626 354 399)
1640 303 1691 357 ³⁴)

173 370 390 420 respondet.
455 370 528 409 Sed
561 370 689 409 omnia
721 371 814 409 haec
844 384 889 409 eo
919 382 996 421 quo
1028 369 1224 410 tendimus
1260 369 1358 409 viam
1391 382 1469 409 non
1500 372 1689 422 aperiunt.

173 438 356 476 Animum
389 438 535 477 adverti
555 450 653 489 opus
678 444 739 477 est
768 437 807 476 in
830 438 1155 490 Peloponnesum,
1187 437 1289 476 unde
1321 443 1398 477 tota
1421 437 1562 478 Dianae
1582 440 1691 492 lphi-

173 505 305 557 geniae
336 508 436 545 fama
468 506 506 545 in
534 506 679 545 Atticas
710 519 796 546 oras
828 513 1066 558 transgressa
1098 512 1182 554 est,
1211 506 1288 545 illic
1317 505 1433 554 enim,
1465 519 1543 558 quo
1573 507 1689 548 etiam

172 574 322 626 Megara
368 574 547 626 pertinet,
586 574 745 613 Dianam
783 574 909 626 ipsam
956 574 1114 613 nomine
1159 573 1378 625 Iphigeniae
1423 575 1690 626 compluribus

172 642 266 682 locis
298 642 480 695 appellari
511 643 699 683 videmus.
760 642 832 682 Ubi
874 643 905 682 si
938 643 984 683 de
1016 643 1156 682 Dianae
1193 641 1338 694 agraria
1369 642 1540 694 potentia
1571 657 1691 696 quae-

172 711 308 757 rimus,
341 723 437 761 quae
459 710 497 749 in
522 710 642 750 Oenei
663 711 790 749 fabula
812 711 955 750 iterum
978 712 1157 758 occurrit,
1187 711 1331 750 nullius
1352 712 1519 763 regionis
1542 725 1692 755 memo-

172 779 249 816 riae
281 791 369 817 cum
391 778 538 817 Aetolia
561 785 666 817 tanta
690 779 978 818 necessitudine
999 792 1193 818 connexae
1216 785 1309 817 sunt
1329 791 1445 829 quam
1469 779 1690 819 Laconicae.

173 846 332 886 Constat
363 846 408 886 de
430 846 621 899 Tyndarei
651 848 751 898 fuga,
783 848 829 886 de
862 847 961 886 Leda
984 847 1132 886 Thestii
1162 847 1251 895 filia,
1282 847 1328 886 de
1358 846 1480 899 ipsius
1502 847 1691 900 Tyndarei

172 916 330 954 nomine
369 915 488 967 Tydei
524 915 763 966 cognat035),
804 916 848 954 de
880 916 1071 967 Tyndarei
1101 917 1218 954 fratre
1247 914 1386 962 Icario,
1424 927 1501 966 quo
1531 917 1692 956 nomine

172 983 263 1023 alias
296 983 433 1023 Bacchi
470 983 596 1023 cultor
632 983 812 1036 princeps
853 983 1080 1036 appellatur,
1119 983 1229 1023 cuius
1260 982 1320 1022 dei
1350 982 1499 1022 cultum
1537 982 1691 1031 Οἰνεύς

172 1052 254 1103 ipse
286 1058 325 1090 et
355 1051 561 1103 utriusque
597 1064 685 1090 cum
718 1052 875 1091 Althaea
912 1051 1124 1090 conubium
1165 1051 1315 1103 prodit3
1352 1052 1486 1090 eodem
1525 1052 1693 1104 pertinet

172 1120 297 1159 fabula
321 1121 367 1159 de
384 1120 587 1166 Orestheo,
610 1120 698 1159 vitis
719 1120 882 1172 primori
902 1132 1139 1172 possessore,
1161 1120 1201 1158 in
1218 1119 1405 1160 Aetoliam
1429 1120 1620 1172 migrante
1634 1120 1689 1174 ³⁶)

171 1188 316 1240 absque
329 1188 466 1228 Oreste
484 1189 648 1228 fortasse
665 1201 743 1228 non
762 1188 911 1228 diverso
926 1195 964 1228 et
975 1189 1021 1228 de
1036 1187 1195 1227 mirifica
1212 1187 1315 1227 illius
1332 1200 1426 1228 cane
1437 1188 1690 1240 parturiente,

172 1268 260 1295 cum
287 1253 508 1307 Κυνόρτας
524 1257 728 1307 Amyclaeo
751 1256 910 1295 nomine
928 1256 1134 1307 (Tyndarei
1155 1256 1280 1307 patre)
1301 1256 1477 1308 proxime
1498 1269 1692 1305 connexa;

172 1323 339 1376 denique
375 1323 473 1364 addo
506 1323 700 1364 Pollucem
740 1336 761 1363 a
792 1323 981 1376 Meleagro
1019 1323 1186 1363 interfici
1216 1323 1363 1376 (Schol.
1387 1323 1500 1363 Hom.
1531 1322 1556 1364 λ,
1577 1323 1689 1373 302).

173 1393 267 1431 Ecce
298 1405 370 1431 nos
400 1392 440 1430 in
479 1405 522 1430 ea
553 1392 809 1443 Peloponnesi
840 1393 995 1443 regione
1027 1393 1073 1431 de
1109 1393 1219 1431 cuius
1259 1393 1488 1443 antiquitate
1518 1392 1691 1432 fabulosa

172 1473 289 1500 nemo
332 1460 443 1513 plura
480 1465 547 1500 aut
588 1460 746 1500 meliora
788 1460 927 1500 cecinit
962 1473 1079 1513 qnam
1112 1460 1369 1501 Stesichorus.
1431 1459 1501 1500 Cui
1538 1460 1690 1510 rationi,

172 1541 242 1580 per
280 1542 321 1568 se
365 1531 531 1568 fortasse
569 1528 792 1575 infirmiori,
838 1529 1117 1568 adminiculum
1160 1530 1262 1568 haud
1302 1530 1566 1580 spernendum
1602 1529 1691 1569 inde

173 1597 369 1644 accrescit,
401 1598 504 1648 quod
528 1597 773 1637 Stesichorus
805 1597 851 1636 de
872 1597 1073 1649 Tyndareo
1100 1597 1267 1637 fabulam
1301 1596 1417 1637 tradit
1445 1610 1606 1648 prorsus
1637 1597 1692 1637 si-

176 1660 304 1703 milem
347 1665 400 1703 illi
438 1678 536 1716 quae
575 1665 620 1703 de
653 1665 783 1703 Oeneo
822 1665 1040 1703 ferebatur:
1077 1665 1230 1703 Oeneus
1270 1677 1358 1703 cum
1397 1665 1579 1704 omnibus
1618 1665 1692 1704 diis

173 1733 408 1772 sacrificaret
438 1732 555 1771 unius
577 1732 717 1771 Dianae
748 1732 891 1771 oblitus
923 1745 1008 1771 esse
1029 1732 1182 1779 dicitur,
1214 1729 1240 1785 ἢ
1260 1731 1419 1771 λὰθει’
1450 1730 1475 1786 ἢ
1498 1730 1574 1773 οὐκ
1595 1731 1691 1773 ἐνό-

173 1811 273 1852 ησεν
294 1800 424 1848 (Hom.
446 1800 462 1838 I
484 1800 596 1850 537).
643 1800 750 1839 Idem
783 1800 901 1839 habes
932 1823 981 1826 —
1007 1800 1083 1839 nisi
1113 1801 1216 1850 quod
1247 1800 1293 1839 de
1314 1800 1460 1839 Venere
1490 1802 1617 1852 agitur
1642 1824 1691 1828 --

171 1868 209 1906 in
249 1860 472 1906 Stesichoro
517 1870 563 1906 fr.
597 1867 668 1914 26,
715 1880 830 1919 quam
877 1867 1045 1906 fabulam
1091 1880 1180 1906 cave
1224 1880 1273 1906 ne
1318 1868 1393 1907 iam
1437 1868 1478 1907 in
1523 1868 1691 1908 Hesiodo

175 1948 337 1986 quaeras
360 1937 422 1983 (fr.
441 1935 519 1973 112
541 1935 686 1983 Kink.),
709 1935 775 1974 uhi
797 1948 858 1974 res
888 1936 1001 1987 longe
1022 1936 1132 1975 aliter
1152 1942 1373 1987 comparata
1403 1936 1535 1987 est37).
1577 1936 1692 1975 Vides

169 2004 215 2043 ad
237 2016 487 2043 communem
510 2016 600 2043 eum
622 2003 900 2043 memoriarum
923 2004 1049 2044 rivum
1071 2017 1154 2044 esse
1176 2009 1421 2056 perventum,
1448 2004 1551 2044 unde
1573 2004 1691 2044 etiam

168 2072 373 2124 Euripidea
404 2073 549 2119 sabula,
581 2085 679 2123 quae
709 2078 769 2110 est
800 2072 845 2110 de
877 2078 966 2111 voto
998 2072 1318 2123 Agamemnonis,
1357 2073 1494 2111 hausta
1525 2072 1690 2111 videtur.

284 2140 465 2179 Ceterum
497 2152 586 2180 cum
609 2139 829 2192 Iphigeniae
859 2140 1075 2186 immolatio
1105 2140 1145 2179 in
1168 2140 1321 2179 Orestia
1353 2140 1485 2179 locum
1513 2139 1694 2180 habuerit

169 2207 397 2246 Philodemo
443 2213 543 2246 teste
588 2207 769 2255 (Stesich.
817 2209 863 2244 fr.
896 2206 986 2257 38),
1034 2207 1350 2246 Wilamowitzius
1401 2219 1558 2246 summo
1607 2208 1692 2247 iure

173 2287 258 2313 eam
290 2274 329 2313 in
360 2274 478 2313 rebus
510 2274 837 2326 Clytaemnestrae
868 2275 1016 2314 narrari
1046 2274 1210 2326 collegit,
1241 2275 1293 2314 ita
1323 2275 1482 2327 quidem
1514 2280 1558 2315 ut
1587 2275 1692 2315 illam

284 2387 325 2427 ³⁴)
353 2387 407 2419 ubi
439 2387 530 2418 inter
556 2386 712 2418 Halarum
740 2386 984 2429 Araphenidum
1017 2391 1052 2418 et
1078 2386 1260 2418 Brauronis
1294 2386 1481 2427 religiones
1514 2386 1587 2419 sine
1619 2386 1693 2418 iure

172 2444 319 2476 discerni
345 2454 363 2475 a
390 2443 566 2484 Strabone,
592 2444 658 2475 iam
683 2443 892 2474 intellectum
918 2448 970 2475 est
996 2443 1081 2475 viris
1106 2443 1226 2475 doctis.

283 2500 324 2540 ⁸⁵)
356 2497 534 2545 Τυτάρεος
560 2499 686 2532 Hieron
721 2499 829 2542 pictor
854 2498 986 2541 scribit,
1019 2499 1047 2531 is
1073 2497 1219 2533 sortasse
1247 2499 1382 2541 vulgari
1407 2498 1612 2541 negligentia
1641 2498 1693 2530 lo-

171 2558 293 2600 quendi
321 2568 420 2598 usus3
447 2557 504 2589 sed
530 2567 571 2589 ex
598 2557 711 2589 eadem
738 2556 872 2595 vulgari
898 2556 1031 2588 incuria
1048 2556 1236 2589 fabularum
1255 2563 1287 2590 et
1305 2557 1474 2589 nominum
1493 2557 1694 2589 varietatem

176 2613 263 2646 oriri
290 2613 492 2646 memineris.

285 2671 327 2709 ³⁶)
353 2682 385 2703 v.
414 2670 577 2706 Welcker
604 2669 749 2703 Gotterl.
797 2669 904 2702 1431.

284 2726 324 2769 ³⁷)
618 2726 733 2771 Τῇσιν
766 2726 802 2760 δὲ
827 2724 1073 2771 φιλομμειδής
1096 2722 1279 2773 Ἀφροδίτη

371 2780 550 2828 ἠγάσθη
575 2782 877 2828 προσιδοῦσα,
902 2782 1015 2825 κακὴν
1034 2783 1075 2816 δέ
1095 2783 1162 2827 σφ’
1187 2783 1318 2827 ἔμβαλε
1343 2781 1478 2828 φήμην.

177 2841 311 2873 invidet
337 2840 444 2881 igitur
462 2839 578 2873 Venus
596 2838 847 2883 Tyndaridibus
873 2841 1008 2873 nimiam
1032 2839 1294 2874 formositatem:
1319 2841 1456 2873 deorum
1474 2838 1601 2872 invidia
1621 2847 1695 2880 per-

177 2898 310 2938 vulgata
350 2899 382 2929 in
422 2897 634 2940 mythologia
667 2907 766 2929 eausa
800 2899 960 2931 malorum
987 2899 1043 2931 ubi
1069 2903 1162 2930 certa
1189 2904 1223 2931 et
1248 2898 1433 2940 peculiaris
1460 2896 1551 2928 nulla
1576 2895 1694 2928 scitur.

312 2978 371 3013 N
