1937 3315
862 183 1151 223 -67-

249 313 359 348 tenos
391 313 524 343 versus
554 305 669 353 atque
700 297 816 340 etiam
848 304 948 339 totas
978 298 1154 353 regiones
1175 297 1399 352 Euripidem
1429 296 1469 336 in
1489 295 1755 338 Coroniferum

248 386 359 427 posse
400 369 656 411 transtulisse.
715 369 793 407 Iam
825 368 928 418 quod
958 368 1129 419 primum
1159 367 1332 406 animum
1364 372 1543 406 nostrum
1573 367 1613 405 in
1644 367 1756 405 Vela-

249 448 331 484 tum
363 436 541 486 deflectit,
571 435 666 477 illud
697 442 755 477 est
785 449 819 476 v.
845 434 943 476 110:

435 505 665 556 Praeposuit
694 506 880 551 Theseus,
911 504 987 542 nisi
1017 504 1050 542 si
1081 504 1282 543 manifesta
1312 517 1511 555 negamus,

434 572 650 615 Pirithoum
682 571 889 622 Phaedrae,
920 571 1215 626 Pirithoumque
1244 571 1326 613 tibi.

358 643 482 682 Notus
512 648 571 681 est
599 642 708 681 locus
738 641 839 680 Plut.
871 641 966 680 Mor.
996 654 1033 693 p.
1056 640 1109 681 28
1134 647 1177 680 A
1208 653 1229 680 a
1258 641 1458 680 Welckero
1488 640 1646 680 allatus:
1685 639 1756 678 καὶ

247 710 268 754 ὁ
308 708 516 765 σύσκηνος
547 705 681 750 αὐτοῦ
709 708 946 762 (Sophoclis)
977 706 1115 750 πάλιν
1144 705 1248 763 ὁρᾷς
1277 704 1343 749 ὅτι
1375 706 1451 763 τήν
1479 724 1525 750 τε
1557 705 1759 762 Φαίδραν

245 780 316 821 καὶ
355 777 732 833 προςεγκαλοῦσαν
768 779 826 834 τῷ
858 780 997 833 Θησεῖ
1035 779 1252 832 πεποίηκε
1289 773 1347 825 ὥς
1376 776 1454 818 διὰ
1481 777 1558 825 τὰς
1589 775 1756 817 ἐκείνου

246 848 525 902 παρανομίας
573 845 842 900 ἐρασθεῖσαν
884 846 962 887 τοῦ
1002 843 1275 887 Ἱππολύτου.
1350 845 1578 887 Cuiusmodi
1622 850 1753 885 essent

246 916 519 969 παρανομίαι
555 915 650 955 istae
689 927 784 966 quas
821 917 993 955 referens
1024 915 1183 955 moecha
1214 916 1365 968 culpam
1396 915 1435 955 in
1467 914 1650 955 maritum
1683 914 1758 953 rei-

244 985 385 1032 ciebat,
424 983 603 1035 cognosci
632 982 785 1022 censuit
814 983 1129 1023 Wilamowitzius
1159 984 1266 1023 Anal.
1299 984 1389 1023 Eur.
1421 983 1503 1023 209
1534 988 1756 1034 comparato

248 1053 391 1093 Seneca
428 1050 591 1091 Phaedr.
633 1050 819 1091 91—98:
865 1051 904 1090 in
943 1051 1087 1091 Orcum
1125 1052 1298 1091 Theseus
1336 1063 1424 1091 cum
1455 1050 1631 1090 Pirithoo
1672 1049 1760 1089 des-

246 1119 373 1161 cendit
410 1119 456 1159 ad
495 1119 766 1173 Proserpinam
805 1119 1040 1172 rapiendam.
1107 1119 1155 1159 Et
1193 1119 1233 1159 in
1273 1131 1425 1159 summa
1461 1118 1529 1167 rei,
1567 1123 1760 1170 quatenus

246 1190 339 1229 haec
369 1201 482 1228 causa
512 1188 705 1228 absentiae
727 1189 878 1236 Thesei,
909 1194 953 1228 ut
981 1194 1071 1241 pote
1093 1189 1215 1228 multo
1236 1188 1361 1241 aptior
1381 1200 1496 1239 quam
1520 1186 1643 1226 debile
1665 1186 1759 1225 illud

247 1258 442 1310 θεωρίας
471 1256 510 1296 in
533 1257 757 1297 Coronifero
788 1257 1002 1305 inventum,
1033 1257 1206 1309 Euripidi
1236 1256 1487 1297 tribuendum
1509 1256 1571 1303 sit,
1601 1266 1760 1307 pergra-

247 1332 310 1365 tus
346 1332 404 1364 est
443 1326 550 1365 locus
588 1339 608 1365 a
638 1326 927 1365 Wilamawitzio
963 1325 1227 1376 indicatusffi).
1301 1325 1447 1364 Tamen
1487 1325 1758 1377 παρανομίαι

245 1393 331 1433 illae
361 1405 457 1433 num
488 1399 592 1433 recte
622 1394 668 1434 ad
685 1392 937 1446 Proserpinae
966 1405 1139 1433 amorem
1170 1395 1388 1433 referantur
1418 1391 1565 1432 dubito.
1607 1390 1759 1431 Etenim

245 1474 313 1513 per
344 1474 383 1500 se
414 1462 537 1513 ipsam
569 1461 661 1501 satis
695 1463 788 1501 mira
818 1461 946 1501 fabula
977 1462 1038 1509 sit,
1071 1462 1102 1500 si
1130 1467 1291 1513 uterque
1311 1461 1459 1500 amicus
1480 1459 1753 1511 Proserpinam

246 1541 405 1568 uxorem
438 1529 577 1568 ducere
607 1530 875 1580 concupiscat;
905 1529 1009 1580 quod
1038 1529 1260 1569 intellexere
1289 1529 1328 1576 ii,
1359 1529 1425 1580 qui
1456 1527 1586 1567 sortiri
1607 1526 1753 1566 amicos

247 1595 292 1635 de
323 1595 506 1648 rapienda
527 1596 730 1648 dixere¹⁷).
771 1596 867 1637 Nolo
889 1597 1164 1651 mythologicas
1186 1609 1321 1637 causas
1342 1595 1535 1649 persequi,
1567 1607 1637 1635 cur
1655 1594 1761 1634 Piri-

248 1665 363 1704 thous
413 1665 542 1716 potius
587 1678 703 1716 quam
745 1666 918 1705 Theseus
963 1680 1052 1706 cum
1091 1666 1322 1717 Proserpina
1362 1665 1657 1716 coniungendas
1698 1664 1761 1703 sit.

246 1731 320 1771 Sed
356 1743 590 1783 quamquam
628 1732 668 1771 in
709 1732 893 1772 veteriore
931 1734 1059 1773 fabula
1096 1739 1259 1785 uterque
1298 1732 1338 1771 in
1377 1732 1477 1772 Orco
1517 1730 1763 1771 detinebatur

247 1798 378 1850 (Hom.
408 1798 434 1839 λ
464 1799 557 1839 631.
617 1800 819 1852 Panyasis:
851 1801 964 1840 Paus.
996 1801 1030 1839 X
1051 1801 1117 1848 29,
1149 1801 1186 1840 9.
1246 1801 1445 1852 Polygnot.
1477 1799 1600 1848 ibid.),
1632 1804 1762 1838 tamen

247 1880 335 1907 cum
357 1868 638 1908 Atheniensum
669 1868 730 1921 pia
759 1870 876 1917 fraus,
908 1876 951 1909 ut
982 1868 1075 1909 dicit
1094 1868 1408 1909 Wilamowitzius
1440 1868 1526 1917 (An.
1549 1867 1641 1908 Eur.
1666 1867 1761 1910 167)

247 1936 426 1984 efficeret,
457 1942 500 1976 ut
521 1937 693 1976 Theseus
724 1949 744 1976 e
774 1937 935 1976 vinculis
966 1937 1205 1984 liberaretur,
1238 1937 1275 1976 id
1307 1943 1435 1976 tamen
1469 1949 1547 1976 non
1579 1936 1665 1975 sine
1698 1948 1762 1974 ve-

248 2004 388 2044 teriore
425 2005 551 2057 aliqua
588 2008 688 2046 sama
728 2019 849 2046 unum
882 2004 1099 2046 Pirithoum
1136 2011 1465 2045 commemorante
1495 2007 1642 2045 factum
1676 2017 1760 2044 esse

247 2071 414 2112 videtur.
473 2074 531 2112 An
562 2073 602 2112 in
633 2073 760 2113 verbis
792 2073 1015 2126 Sophocleis
1046 2073 1091 2112 Ο.
1123 2073 1163 2113 C.
1199 2073 1306 2112 1592

512 2140 661 2182 κοίλου
692 2140 828 2189 πέλας
857 2141 1082 2195 κρατῆρος,
1101 2135 1167 2197 [οὗ
1199 2139 1250 2182 τά
1284 2141 1462 2194 Θησέως

515 2210 711 2263 Περίθου
743 2224 786 2250 τε
816 2215 958 2249 κεῖται
989 2208 1114 2249 πίστ’
1145 2205 1215 2248 ἀεὶ
1248 2206 1505 2263 ξυνθήματα

248 2274 340 2324 quid
378 2277 531 2317 voluere
563 2276 820 2331 ξυνθήματα
848 2278 921 2318 ista
952 2277 1027 2317 nisi
1055 2278 1103 2317 ad
1133 2290 1382 2317 communem
1414 2278 1461 2317 ad
1491 2277 1636 2315 inferos
1668 2277 1756 2315 des-

364 2441 402 2481 ¹⁶)
427 2441 598 2482 Quondam
623 2442 702 2474 Eur.
733 2442 774 2473 fr.
792 2443 858 2474 446
888 2444 951 2474 huc
985 2442 1197 2475 referebatur
1228 2444 1276 2475 ita
1310 2449 1346 2475 ut
1379 2444 1490 2475 verbis
1515 2442 1637 2474 Thesei
1662 2443 1765 2473 Sene-

250 2494 320 2527 caei
350 2496 411 2529 991
447 2498 480 2530 in
516 2500 622 2532 lucem
651 2499 859 2532 revertentis
890 2499 1119 2543 responderet.
1167 2499 1230 2532 Sed
1261 2509 1321 2533 nec
1349 2499 1518 2533 Welcker.
1552 2509 1582 2542 p.
1608 2498 1673 2531 740
1704 2508 1763 2531 nec

251 2551 410 2593 Wagner.
436 2555 516 2588 Eur.
544 2555 584 2588 fr.
607 2557 672 2588 439
705 2568 808 2599 neque
839 2558 940 2589 etiam
965 2557 1128 2597 Hartung.
1154 2557 1234 2589 Eur.
1259 2563 1340 2590 rest.
1358 2558 1383 2599 1,
1399 2558 1440 2589 49
1475 2557 1560 2588 satis
1592 2556 1764 2598 explicare

251 2612 431 2648 potuerunt
456 2623 516 2643 cur
540 2611 715 2656 δυστυχὴς
730 2613 879 2645 Theseus
897 2613 1038 2645 dicatur.
1081 2611 1190 2655 Quare
1208 2612 1262 2645 Fr.
1280 2612 1347 2645 Leo
1365 2613 1470 2646 verba
1485 2611 1656 2645 Phaedrae
1680 2613 1764 2644 mori

250 2665 377 2699 volenti
401 2669 530 2702 tribuit.
580 2670 700 2702 Melius
725 2670 825 2703 etiam
850 2670 998 2702 Hillerus
1025 2671 1078 2704 (de
1103 2671 1201 2713 Soph.
1227 2669 1368 2703 Phaedr.
1396 2675 1429 2703 et
1452 2671 1482 2703 d.
1502 2670 1582 2703 Eur.
1601 2670 1695 2713 Hipp.
1716 2681 1762 2712 pr.

253 2731 269 2751 n
288 2722 359 2755 Lib.
385 2726 573 2759 miscellan.
600 2728 649 2759 ed.
669 2738 687 2759 a
705 2738 773 2760 soc.
793 2728 871 2769 phil.
910 2728 1009 2759 Bonn.
1039 2728 1137 2767 1864,
1159 2728 1202 2759 34
1217 2731 1301 2770 sqq.)
1327 2729 1366 2760 de
1384 2728 1533 2760 Phaedra
1558 2732 1758 2768 aegrotante

252 2782 286 2808 et
310 2779 404 2811 domo
430 2783 626 2822 egrediente
651 2784 828 2825 cogitavit.
876 2783 941 2816 Sed
966 2784 1080 2827 quaeri
1104 2784 1229 2826 possit,
1262 2795 1368 2816 nonne
1393 2785 1434 2817 de
1458 2785 1557 2817 amici
1582 2784 1764 2816 amissione

252 2833 286 2865 iu
312 2834 398 2869 Orco
424 2839 553 2873 detenti
577 2845 736 2883 queratur
759 2840 920 2874 Theseus.

364 2894 402 2933 ¹⁷)
431 2895 516 2928 Plut.
544 2898 643 2931 Thes.
664 2899 717 2930 31.
767 2898 860 2930 Diod.
878 2897 921 2932 lv
940 2899 993 2931 63.

1505 2956 1549 2992 5*
