1937 3315
819 171 1112 212 -60-

207 289 418 343 Sophoclea
448 293 706 341 comparatur,
737 300 835 340 quae
865 300 993 328 crassa
1024 287 1181 340 caligine
1212 288 1414 341 premitur.
1475 288 1642 336 Etenim,
1673 302 1724 329 ne

208 359 255 398 de
292 357 446 397 Medeae
485 356 660 410 partibus
695 357 845 409 loquar,
885 368 1051 409 quarum
1093 356 1242 396 nullum
1282 356 1336 396 ibi
1372 355 1576 409 vestigium
1609 357 1722 409 est1),

208 432 361 479 praeter
390 426 465 465 iter
494 426 599 478 quod
629 431 811 465 narratur
830 424 969 464 Thesei
999 425 1117 465 rebus
1149 424 1267 477 gestis
1298 426 1361 477 (fr.
1386 424 1614 477 21-24)2)
1645 426 1724 465 cla-

207 494 407 535 rissimum
439 506 460 534 a
482 494 677 533 Troezene
709 499 883 533 materna
915 494 1005 534 sede
1036 493 1210 546 profecti,
1242 493 1339 532 nihil
1365 492 1600 546 perspicitur
1620 494 1724 546 quod

208 564 285 603 ullo
316 563 433 603 modo
465 561 653 614 tragicum
685 568 961 614 argumentum
993 562 1174 608 effecerit,
1207 562 1286 601 sive
1315 561 1354 602 id
1375 562 1634 603 Pallantidum
1665 564 1724 602 fa-

207 632 298 673 bula
328 631 461 672 abillo
483 630 724 671 devictorum
755 630 841 672 fuit.
875 630 953 671 sive
985 630 1132 671 Cretica
1155 630 1293 671 Thesei
1325 630 1518 684 expeditio
1550 637 1586 672 et
1610 631 1724 684 Aegei

209 701 417 741 suicidium
449 688 544 739 falso
575 699 648 738 veli
678 700 806 739 colore
837 700 998 753 decepti.
1056 701 1100 740 In
1132 700 1249 753 signis
1280 700 1422 752 quibus
1452 701 1675 752 agnoscitur
1703 714 1725 741 a

208 776 315 823 patre
346 769 530 816 Theseus,
563 768 775 821 Sophocles
805 769 1036 810 veteriorem
1068 769 1217 809 fabulae
1248 771 1412 808 formam
1453 776 1610 810 secutus
1640 783 1725 810 esse

208 839 361 880 videtur
390 850 508 890 quam
539 837 761 890 Euripides,
793 838 937 891 quippe
968 838 1034 890 qui
1064 850 1143 877 non
1173 837 1248 877 iam
1280 837 1417 877 calceis
1448 838 1495 877 ad
1526 834 1725 889 ἀναγνω-

209 906 368 960 ρισμόν
398 912 586 953 uteretur,
619 906 686 945 sed
717 906 801 945 aliis
831 907 962 946 nescio
992 906 1133 958 quibus
1163 905 1419 945 documentis.
1465 906 1613 958 Nempe
1646 919 1725 947 non

210 982 292 1016 tum
325 975 506 1022 demum,
538 986 627 1014 cum
658 973 842 1026 poculum
873 974 1004 1014 iuveni
1035 974 1203 1021 daretur,
1240 974 1355 1014 calcei
1386 974 1727 1027 conspiciebantur

209 1069 262 1074 —-
283 1044 498 1085 absurdum
518 1043 557 1083 id
588 1042 707 1083 suerit
730 1058 803 1092 ——3
835 1044 901 1084 sed
936 1044 982 1084 ad
1012 1044 1117 1084 illam
1137 1042 1310 1083 veneficii
1341 1043 1597 1092 occasionem,
1627 1058 1725 1097 quae

208 1114 328 1167 (sicut
357 1113 397 1152 in
428 1112 538 1164 Ione)
569 1113 608 1151 in
639 1112 814 1151 convivio
845 1112 965 1152 fuisse
995 1111 1165 1164 putanda
1196 1118 1256 1151 est
1269 1111 1314 1164 3),
1346 1124 1546 1153 summum
1578 1113 1725 1165 gladius

208 1183 390 1235 quadrat,
428 1194 506 1233 quo
543 1180 606 1220 ille
644 1181 691 1220 ad
737 1193 872 1221 carnes
917 1181 1100 1221 secandas
1146 1187 1332 1222 uteretur.
1392 1181 1554 1222 Calceoli
1593 1188 1724 1223 autem

207 1250 328 1291 lonici
359 1250 412 1289 illi
445 1249 631 1301 gravioris
661 1256 701 1289 et
730 1250 931 1289 veterioris
963 1250 1153 1289 momenti
1185 1256 1298 1299 sunt3
1329 1250 1396 1302 qui
1426 1250 1629 1303 diligenter
1658 1264 1726 1291 ex-

206 1319 330 1373 pressi
361 1324 455 1359 sunt
484 1318 524 1358 in
556 1318 711 1358 vasculo
741 1318 870 1370 quinti
901 1319 1043 1358 saeculi
1054 1319 1085 1369 ⁴)
1125 1319 1209 1371 (ubi
1240 1319 1414 1359 Theseus
1444 1332 1534 1359 cum
1565 1320 1724 1360 iuvenili

207 1387 386 1428 violentia
417 1387 553 1427 matris
585 1399 717 1440 preces
748 1387 916 1426 retinere
946 1387 994 1426 ab
1029 1387 1167 1427 itinere
1204 1388 1311 1427 illum
1345 1387 1537 1440 cupientis
1574 1388 1725 1441 repellit

207 1455 375 1509 gladium
398 1455 513 1495 modo
535 1462 736 1507 receptum
765 1455 931 1508 superbe
962 1455 1145 1507 gestans),
1179 1468 1268 1495 cum
1299 1456 1529 1509 plerumque
1551 1456 1723 1497 Theseus

207 1525 247 1564 in
278 1524 442 1564 vasculis
481 1530 526 1563 ut
566 1524 692 1576 quivis
729 1524 827 1563 alius
868 1530 934 1564 aut
972 1524 1087 1563 nudis
1127 1524 1290 1576 pedibus
1329 1532 1397 1564 aut
1433 1526 1563 1577 caligis
1600 1527 1724 1566 cruris

207 1605 363 1645 quoque
393 1592 598 1632 dimidium
630 1593 902 1644 obtegentibus
937 1593 1097 1632 indutus
1129 1593 1190 1633 sit.
1252 1592 1440 1633 Cohaeret
1476 1600 1606 1634 autem
1646 1595 1725 1634 cal-

208 1667 454 1701 ceamentum
485 1660 661 1700 Ionicum
694 1672 783 1699 cum
806 1660 960 1700 chitone
991 1660 1139 1708 Ionico;
1170 1673 1259 1700 nam
1291 1660 1421 1712 caligis
1443 1673 1556 1701 crura
1587 1668 1722 1714 tegen—

208 1729 312 1768 tibus
342 1728 369 1767 ii
400 1741 479 1767 non
510 1728 746 1779 indigebant,
778 1728 845 1779 qui
875 1740 946 1780 pro
977 1728 1083 1766 brevi
1113 1728 1268 1767 chitone
1295 1731 1374 1768 fere
1404 1729 1452 1768 ad
1482 1741 1605 1781 genua
1635 1742 1723 1782 per-

208 1797 355 1837 tinente
375 1797 529 1849 longam
548 1803 695 1836 vestem
718 1797 924 1848 portabant
945 1802 1071 1836 totum
1093 1810 1234 1849 corpus
1251 1797 1455 1836 velantem.
1492 1797 1540 1837 Et
1560 1798 1725 1850 neglexit

207 1866 404 1907 chitonem
436 1865 611 1906 Ionicum
648 1866 742 1905 haec
772 1865 928 1918 quidem
960 1866 1107 1914 fabula3
1145 1866 1310 1906 servavit
1347 1873 1486 1918 tamen·
1515 1867 1633 1907 altera
1661 1867 1725 1907 illa

207 1936 254 1976 de
275 1935 426 1974 Theseo
447 1934 689 1975 Eleusinium
722 1940 992 1987 praetereunte
1014 1934 1080 1986 qui
1110 1934 1157 1974 ab
1179 1934 1382 1987 opificibus
1412 1934 1596 1976 irridetur
1623 1941 1724 1975 tam-

207 2017 324 2055 quam
374 2003 591 2054 puellarum
643 2016 749 2042 more
800 2003 974 2042 vestitus.
1054 2003 1219 2054 Insignis
1277 2003 1351 2042 iste
1400 2004 1551 2042 Ionicae
1601 2005 1724 2055 gentis

207 2071 362 2112 habitus
393 2070 510 2111 etiam
541 2070 654 2110 aliam
685 2070 855 2111 fabulam
886 2070 1080 2123 produxit,
1113 2083 1191 2110 non
1222 2070 1383 2111 Athenis
1424 2071 1524 2111 hanc
1553 2072 1723 2124 quidem,

209 2141 275 2179 sed
312 2140 352 2179 in
390 2141 507 2191 Scyro
544 2139 689 2185 insula,
737 2139 803 2178 ubi
841 2139 975 2178 eadem
1017 2139 1205 2178 femineae
1246 2140 1363 2179 vestis
1409 2140 1596 2179 memoria
1634 2153 1723 2180 cum

208 2207 366 2248 Achillis
397 2219 563 2259 persona
596 2206 727 2258 (idque
765 2219 842 2246 non
874 2206 976 2258 iure)
1007 2207 1332 2259 coniungebatur3
1369 2207 1436 2260 qui
1467 2221 1555 2248 cum
1586 2208 1723 2248 Atticis

209 2276 348 2317 fabulis
396 2288 594 2315 connexus
639 2275 917 2327 comprobatur
956 2275 1095 2315 Thesei
1142 2277 1329 2316 memoria
1374 2276 1517 2316 ibidem
1562 2278 1725 2317 florente

207 2345 324 2397 idque
364 2344 579 2384 etiamtunc
616 2343 789 2384 Cimonis
830 2344 1094 2397 temporibus,
1141 2344 1208 2396 qui
1244 2357 1330 2385 ossa
1367 2345 1506 2386 Thesei
1546 2359 1566 2385 e
1606 2347 1724 2400 Scyro

319 2514 344 2555 ¹)
370 2513 521 2547 Medeam
547 2517 661 2556 partes
684 2513 843 2547 habuisse
870 2518 969 2555 negat
996 2513 1239 2546 WilamowitZ.
1266 2513 1374 2546 Herm:
1400 2513 1463 2546 XV
1490 2525 1519 2557 p.
1542 2514 1618 2547 486.

318 2573 344 2612 2)
369 2572 479 2603 simile
511 2571 641 2612 aliquid
671 2569 858 2611 fragmento
885 2570 928 2601 24
959 2570 1151 2601 continetur
1176 2570 1225 2602 sic
1249 2569 1321 2602 fere
1347 2571 1578 2613 supplendum:
1612 2566 1725 2607 οὕτως

207 2628 337 2677 ἔφριξα
361 2623 424 2662 τὸν
446 2626 583 2673 γίγαντ’
611 2622 716 2661 ἰδών
741 2623 774 2669 (ὁ
800 2625 835 2660 δ’
858 2622 923 2660 οὖν
947 2628 1006 2670 -)

320 2687 347 2729 ³)
371 2686 536 2719 Nimirum
568 2689 711 2728 ectypon
738 2685 902 2726 Campana
932 2683 1071 2726 (Overb.
1097 2684 1174 2717 Her.
1201 2684 1275 2716 Gal,
1294 2683 1401 2725 XVII,
1420 2684 1452 2722 7)
1485 2684 1516 2715 si
1541 2688 1634 2715 recte
1659 2683 1722 2714 huc

206 2742 370 2785 refertur,
403 2743 489 2786 quod
520 2741 691 2774 contendit
716 2741 810 2773 Jahn.
835 2741 937 2774 Areh.
961 2739 1056 2774 Aufs.
1086 2741 1158 2783 185,
1193 2741 1243 2773 his
1277 2751 1341 2773 non
1367 2740 1535 2773 obstaret:
1566 2738 1725 2782 nequibat

206 2801 295 2834 enim
319 2798 458 2843 artifex,
485 2808 545 2831 nec
570 2798 723 2840 debebat,
748 2798 777 2831 si
802 2798 878 2841 quid
904 2799 970 2832 arti
996 2808 1077 2832 suae
1095 2799 1295 2832 conveniret
1313 2798 1452 2841 sciebat,
1479 2801 1586 2830 totum
1604 2795 1724 2830 convi-

206 2859 297 2893 vium
322 2861 592 2901 repraesentare.

317 2916 344 2957 ⁴)
366 2914 489 2948 Patera
505 2915 546 2947 ab
565 2912 711 2946 Hierone
734 2911 825 2955 picta
841 2912 930 2945 Mon.
948 2912 978 2944 d.
994 2913 1023 2944 J.
1047 2912 1099 2946 Vl.
1119 2911 1187 2954 Vll,
1206 2912 1256 2944 22.
1293 2911 1435 2945 Wiener
1453 2910 1549 2945 Vorl.
1567 2910 1612 2942 Bl.
1631 2911 1672 2951 Α,
1687 2909 1718 2941 8.
