1937 3315
850 149 1021 189 -37
1089 172 1139 176 -,

238 271 458 311 obduceret.
517 268 640 319 Atque
676 267 777 318 quod
816 266 862 306 ad
900 279 980 305 rem
1022 265 1145 318 ipsam
1186 265 1371 318 pertinet,
1413 266 1444 305 si
1474 272 1578 306 recte
1609 266 1745 313 sentio,

237 345 370 392 poetae
390 338 515 378 Attico
545 359 599 365 —-
620 335 666 375 de
696 335 882 388 Aeschylo
913 335 1050 388 loquor
1061 334 1112 387 ⁴⁶)
1134 358 1187 363 —
1218 335 1291 375 tale
1321 333 1527 387 quicquam
1550 334 1612 375 vix
1644 334 1745 375 ultro

236 408 275 446 in
307 412 476 445 mentem
508 403 673 449 venerit,
714 415 802 442 cum
841 403 1021 442 mulieres
1064 409 1174 448 tunc,
1216 408 1415 441 matronae
1447 403 1634 449 maxime,
1673 403 1746 442 sub

236 474 418 527 diploidio
438 471 654 524 superiecto
675 471 869 512 chitonem
893 470 1065 511 Ionicum
1087 477 1231 511 vestem
1255 475 1444 523 gererent,
1467 469 1506 510 in
1527 471 1644 511 latere
1665 483 1743 511 non

236 542 438 581 discissum
471 545 673 591 totumque
694 540 791 578 circa
822 545 975 591 pectora
998 539 1224 578 conclusum
1256 551 1328 577 nec
1358 539 1466 577 facile
1488 538 1673 589 destringi
1704 552 1744 577 se

238 608 459 662 patientem.
507 606 618 654 Quod
649 606 903 647 conveniebat
931 606 1044 659 peplo
1074 605 1211 646 Dorico
1241 605 1280 645 in
1310 605 1494 646 lateribus
1525 611 1679 658 apert03
1708 612 1745 645 et

236 678 331 717 ratio
351 676 537 728 quaedam
561 676 708 723 suadet,
735 676 833 715 hanc
854 675 1149 728 discrepantiam
1171 674 1272 714 inter
1292 674 1543 714 domesticam
1565 680 1605 714 et
1627 674 1744 726 Spar-

237 753 363 786 tanam
400 750 563 791 vestem,
602 744 883 797 Tyndaridibus
921 750 1069 797 aptam,
1108 742 1409 784 intercedentem
1447 742 1573 783 Attico
1610 748 1745 796 poetae

236 814 365 854 minus
396 818 549 865 praesto
569 813 688 852 fuisse
709 825 824 864 quam
846 812 993 852 auctori
1015 812 1164 852 Dorico.
1193 812 1283 851 licet
1302 811 1467 851 artifices
1489 811 1605 851 Attici
1626 811 1744 851 vesti-

236 887 366 920 mento
388 880 451 919 illo
474 893 584 932 saepe
605 887 811 920 uterentur
826 879 891 931 ⁴⁷).
913 903 966 908 —
990 880 1032 918 ln
1055 879 1215 931 singulis
1238 878 1364 918 caedis
1386 879 1606 925 momentis,
1627 892 1742 931 quam

234 947 425 988 enarravit
444 947 646 999 Euripides
678 948 734 986 El.
755 947 1044 994 1206-1225,
1076 947 1141 987 Or.
1165 946 1245 986 825
1268 959 1350 998 sqq.
1382 946 1454 986 etsi
1484 959 1562 986 non
1594 946 1741 993 dubito,

233 1016 326 1068 quin
349 1015 588 1055 Stesichorea
619 1015 852 1067 expresserit
876 1015 1074 1062 nonnulla,
1106 1021 1231 1055 totum
1265 1021 1392 1055 tamen
1414 1014 1583 1054 Electrae
1613 1015 1743 1055 locum

240 1085 316 1124 huc
345 1095 551 1136 reponere,
591 1083 627 1122 id
666 1084 767 1135 quod
798 1083 971 1130 libuerit,
1008 1095 1086 1123 non
1116 1083 1222 1130 licet3
1258 1083 1398 1135 quippe
1429 1083 1468 1121 in
1498 1096 1574 1134 quo
1604 1083 1744 1135 partim

234 1152 388 1205 propria
424 1151 619 1204 Euripidis
657 1152 784 1204 poesis
825 1159 977 1203 regnet,
1022 1165 1109 1192 cum
1141 1164 1275 1191 versus
1315 1151 1589 1191 1214--1217
1629 1151 1743 1203 vulgo

234 1220 362 1261 Oresti
391 1219 598 1260 attributos
619 1219 790 1261 Electrae
819 1232 904 1260 esse
935 1220 1074 1261 viderit
1093 1219 1407 1260 Wilamowitzius
1428 1220 1452 1259 l.
1469 1232 1502 1259 c.
1531 1232 1568 1273 p.
1588 1219 1681 1267 232,
1704 1220 1742 1267 2,

234 1302 357 1341 neque
379 1302 468 1328 vero
499 1290 599 1340 apud
622 1290 887 1329 Stesichorum
917 1290 1041 1341 puella
1063 1289 1157 1341 ipsa,
1191 1296 1234 1329 ut
1254 1289 1330 1329 illic
1351 1289 1588 1341 perhibetur,
1620 1289 1741 1329 telum

234 1356 364 1397 tulerit
394 1356 433 1396 in
456 1362 632 1396 matrem.
681 1356 759 1396 Nec
787 1368 866 1395 non
897 1357 974 1396 huc
994 1357 1233 1396 revocandus
1262 1357 1369 1396 locus
1399 1357 1466 1408 qui
1496 1362 1556 1396 est
1576 1357 1641 1396 Or.
1660 1356 1741 1397 825

233 1439 330 1477 sqq.‚
366 1425 439 1465 nisi
482 1426 583 1477 quod
615 1425 817 1465 Furiarum
858 1437 1021 1477 poenam
1054 1425 1168 1475 (837)
1200 1426 1386 1478 praedicit
1420 1431 1560 1473 mater,
1598 1426 1663 1477 (cf.
1685 1426 1741 1465 El.

236 1492 370 1541 1252),
407 1492 445 1532 id
481 1493 584 1545 quod
621 1505 667 1532 ex
695 1492 880 1545 Aeschylo
918 1492 1027 1542 (Cho.
1049 1493 1148 1544 917)
1185 1493 1435 1546 desumptum
1477 1506 1561 1533 esse
1601 1500 1740 1546 potest.

344 1562 458 1601 Valde
480 1561 743 1601 memorabilia
764 1568 858 1600 sunt
887 1555 1079 1612 ὀνείρατ’
1094 1559 1411 1615 Ἀγαμέμνονος
1440 1562 1506 1602 Or.
1530 1562 1611 1603 618
1633 1562 1740 1615 (,‚in-

236 1629 385 1669 somnia
423 1630 470 1669 ab
500 1630 567 1681 Ag.
598 1629 742 1668 missa“
775 1628 913 1680 schol.)
944 1629 1002 1668 vel
1040 1629 1168 1681 potius
1203 1642 1390 1681 personae
1428 1630 1530 1670 inter
1568 1644 1663 1682 quas
1699 1645 1742 1671 ea

234 1697 583 1737 communicantur.
644 1697 793 1736 Etenim
835 1697 936 1736 sicut
972 1697 1010 1736 in
1052 1697 1271 1736 Stesichoro
1312 1698 1389 1737 duo
1420 1698 1743 1751 Clytaemnestrae

233 1765 424 1806 insomnia
454 1765 554 1806 inter
584 1778 624 1805 se
654 1764 896 1805 cohaerentia
936 1766 1095 1805 fuerunt
1126 1765 1184 1804 vel
1215 1765 1311 1805 duae
1347 1766 1518 1806 eiusdem
1559 1767 1744 1808 insomnii

233 1841 361 1886 partes
392 1837 442 1885 (v.
459 1835 554 1874 Rob.
587 1847 623 1887 p.
644 1835 722 1874 170
743 1835 831 1886 sq.),
862 1834 1026 1874 alterum
1059 1834 1105 1873 de
1135 1834 1422 1886 Agamemnone
1462 1836 1535 1875 sub
1565 1836 1743 1888 anguinis

234 1904 359 1955 specie
389 1915 477 1943 cum
508 1903 571 1944 illa
601 1915 806 1956 congresso
838 1902 1018 1952 (Stesich.
1049 1904 1095 1941 fr.
1119 1902 1203 1951 42),
1238 1903 1402 1943 alterum
1443 1904 1490 1943 de
1526 1904 1692 1956 anguine
1722 1918 1743 1944 a

233 1963 533 2023 Clytaemnestra
564 1979 654 2012 nato
684 1978 723 2011 et
750 1972 898 2012 nutrito
929 1972 1080 2020 (Aesch.
1103 1972 1235 2024 Cho.)‚·
1261 1972 1484 2024 Sophocles,
1521 1980 1564 2014 ut
1594 1975 1640 2013 de
1672 1975 1744 2014 hoc

233 2039 358 2092 primo
379 2040 516 2088 dicam,
548 2040 640 2080 item
672 2040 750 2080 duo
770 2039 963 2080 insomnia
994 2040 1163 2093 praebet,
1195 2039 1259 2080 sed
1291 2040 1400 2093 prius
1430 2041 1523 2082 illud
1553 2042 1605 2082 ita
1634 2055 1742 2083 com-

234 2114 374 2155 mutat,
417 2114 459 2147 ut
487 2109 815 2159 Agamemnonem
854 2109 982 2160 ipsum
1015 2121 1104 2148 cum
1136 2109 1439 2160 Clytaemnestra
1469 2116 1674 2149 coeuntem
1705 2117 1744 2149 et

232 2188 277 2214 ex
313 2182 465 2229 sceptro
501 2177 584 2217 eius
621 2176 731 2217 humi
768 2177 884 2217 infixo
921 2177 1097 2217 arborem
1137 2176 1347 2217 immanem
1388 2176 1592 2217 oriundam
1630 2177 1744 2218 faciat

233 2242 445 2283 Herodotea
477 2244 603 2283 fabula
635 2257 747 2291 usus,
786 2245 833 2284 de
863 2246 981 2284 altero
1012 2245 1206 2284 insomnio
1235 2245 1333 2284 nihil
1363 2246 1667 2297 comperiamus3
1704 2246 1743 2285 id

232 2312 335 2361 quod
362 2313 524 2363 eleganti
554 2314 772 2352 animorum
795 2312 1061 2353 observatione
1091 2313 1142 2353 ita
1172 2313 1354 2359 instituit,
1386 2320 1429 2354 ut
1450 2314 1741 2367 Chrysothemis

233 2379 516 2432 simplicissima
556 2382 680 2434 puella
713 2388 863 2421 tantum
896 2382 1009 2421 modo
1045 2382 1090 2420 de
1121 2382 1260 2429 altero,
1298 2384 1345 2422 de
1375 2382 1503 2435 priore
1534 2383 1741 2431 insomnio,

232 2445 270 2485 in
292 2460 369 2498 quo
402 2449 497 2489 nihil
529 2450 617 2489 mali
648 2456 718 2497 est,
749 2463 769 2490 a
801 2455 922 2490 matre
953 2450 1136 2490 doceatur
1156 2457 1195 2490 et
1224 2458 1383 2503 propter
1412 2452 1504 2490 illud
1535 2452 1580 2491 ad
1612 2452 1743 2504 sepul-

343 2575 385 2618 4’·”)
410 2575 587 2620 Euripides
621 2577 651 2608 id
682 2587 787 2618 genus
820 2577 1012 2610 vestimenti
1044 2578 1084 2610 ‹le
1116 2589 1179 2620 quo
1205 2578 1238 2610 in
1266 2584 1362 2611 textu
1386 2578 1517 2610 dissero
1549 2579 1682 2621 saepius
1707 2580 1740 2611 in
1774 2569 1777 2571 ‚

233 2630 353 2672 puellis
384 2633 561 2676 Spartanis
592 2635 804 2677 perstrinxit.
854 2635 1008 2666 Androm.
1044 2635 1109 2667 595
1140 2641 1175 2667 et
1206 2641 1242 2668 ut
1274 2636 1406 2668 videtur
1431 2636 1465 2668 in
1499 2635 1671 2677 Meleagro
1697 2634 1740 2668 cf.

232 2688 298 2720 Cic.
324 2689 422 2723 Tusc.
449 2691 474 2723 ll
497 2693 546 2732 15,
564 2693 622 2724 36:
649 2691 744 2724 Ribb.
770 2690 868 2731 Trag.
897 2691 984 2723 Rom.
1013 2690 1054 2724 l'r.
1080 2691 1144 2724 inc.
1171 2692 1255 2725 CXI.
1292 2691 1333 2725 cl'.
1352 2693 1452 2725 etiam
1469 2693 1630 2734 Hartung.
1662 2692 1740 2726 Eur.

234 2750 314 2777 rest.
340 2746 363 2783 l,
383 2748 446 2779 146
471 2749 503 2780 in
530 2749 748 2781 adnotatione
775 2749 802 2780 1.

348 2802 389 2842 ⁴⁷)
415 2807 500 2846 quod
526 2806 590 2838 iam
615 2811 750 2839 veteres
777 2806 1062 2838 animadvertere:
1086 2807 1146 2838 καὶ
1169 2807 1243 2841 τῶν
1258 2807 1298 2840 ἓν
1314 2810 1389 2843 ταῖς
1405 2805 1570 2851 ἀρχαίαις
1586 2810 1744 2852 7901un-

232 2853 297 2889 οὐκ
322 2856 425 2902 ὀλίγα
450 2857 560 2898 οὕτως
576 2862 753 2895 ἔσταλται.
779 2863 884 2895 schol.
911 2862 992 2895 Eur.
1018 2863 1095 2896 Hec.
1122 2865 1199 2897 934.
1225 2876 1254 2908 p.
1272 2865 1349 2898 451.
