1937 3315
808 152 1098 192 ...62—

190 283 274 317 suo,
317 271 467 321 opinor,
510 281 629 320 regno
658 268 873 320 profectus)
905 268 1125 307 Colchidem
1168 268 1263 320 petit
1302 268 1435 308 matris
1465 270 1706 319 quaerendae

189 350 316 384 causa,
348 348 466 389 quam
499 336 551 375 ibi
583 337 753 389 profecto
785 335 940 388 reperit.

303 405 461 456 Singula
492 411 646 444 exstant
676 404 715 443 in
746 404 971 455 fragmentis
1001 410 1154 456 praeter
1182 404 1393 443 adventum
1425 404 1564 443 Thesei
1594 406 1641 443 fr.
1668 406 1704 443 1.

188 474 227 513 2.
260 474 332 526 (6),
364 473 524 513 insidias
545 472 698 512 Medeae
730 474 774 511 fr.
799 473 835 520 4,
868 472 971 512 nulla
983 472 1035 525 ⁹),
1067 473 1131 512 sed
1164 485 1209 512 ex
1235 471 1350 512 Ennii
1372 471 1514 520 Medea,
1546 472 1607 512 cui
1637 485 1706 525 per

188 556 228 581 se
240 542 445 594 Euripides
454 541 640 592 Sophocle
657 541 815 592 propior
830 547 901 587 est,
918 541 958 580 hi
975 554 1109 580 versus
1127 547 1331 580 servantur
1348 544 1399 592 (p.
1413 542 1462 579 41
1479 540 1649 580 Ribbeck
1660 541 1706 591 ².)

188 623 288 661 quos
321 610 367 649 ad
399 609 593 647 Theseum
626 607 811 646 advenam
843 608 1017 660 loquitur
1047 608 1204 659 aliquis:

378 683 458 716 asta
490 681 605 727 atque
636 676 807 715 Athenas
838 676 1056 728 antiquum,
1088 676 1318 728 opulentum
1350 675 1534 727 oppidum

378 743 597 795 contempla
628 750 666 782 et
697 744 886 796 templum
920 744 1067 783 Cereris
1097 744 1143 783 ad
1174 744 1319 783 laevam
1351 743 1497 796 aspice3

188 825 265 863 quo
296 812 445 851 Cereris
485 812 641 864 templo,
682 811 969 863 simplicissima
1001 826 1052 859 re,
1092 813 1138 852 de
1168 826 1243 864 qua
1273 812 1495 864 explicanda
1527 812 1706 864 desperat

190 879 437 927 Ribbeckius,
459 886 525 919 aut
550 876 756 933 Δημήτηρ
777 876 896 934 Χλόη
920 887 986 921 aut
1002 880 1240 920 Eleusinium
1263 880 1470 933 respicitur
1491 886 1625 933 utpote
1646 880 1705 927 iis,

188 950 255 1000 qui
285 949 325 987 in
356 961 441 988 arce
474 948 641 995 stabant,
673 948 860 999 proxima.
902 950 959 988 Ad
980 950 1142 988 eandem
1182 949 1416 1000 tragoediam
1456 950 1581 988 resero
1612 961 1706 987 con-

190 1016 354 1056 fidenter
383 1018 429 1054 fr.
462 1016 590 1067 adesp.
624 1015 735 1054 CLII!
767 1028 802 1068 p.
826 1016 907 1055 274
938 1016 1073 1056 Ribb.:

456 1084 495 1122 in
527 1096 612 1122 arce
644 1084 805 1122 Athenis
837 1084 951 1123 statio
983 1097 1087 1123 nunc
1116 1084 1239 1134 [mihi]
1270 1084 1405 1135 placet.

190 1152 253 1191 Sic
312 1151 405 1202 (nisi
464 1151 576 1198 deus,
637 1156 675 1190 at
734 1151 794 1189 dei
848 1151 965 1190 Attici
1024 1150 1153 1190 sedem
1208 1163 1316 1190 suam
1364 1163 1442 1191 non
1494 1151 1706 1201 mutavere)

192 1226 343 1259 tantum
386 1232 428 1258 ea
469 1231 633 1271 persona
674 1219 864 1270 loquitur,
902 1231 998 1270 quae
1036 1226 1073 1258 et
1110 1219 1311 1270 peregrina
1342 1225 1401 1258 est
1430 1226 1468 1258 et
1497 1219 1705 1258 admodum

191 1288 357 1340 superba
387 1294 622 1339 potensque,
659 1288 718 1326 vel
758 1287 872 1326 etiam
914 1294 1024 1326 atrox
1053 1287 1289 1327 instantibus
1319 1287 1395 1326 iam
1427 1287 1493 1339 qui
1523 1300 1608 1327 eam
1639 1300 1707 1326 ex-

190 1356 329 1408 pellere
360 1356 573 1402 studerent,
610 1356 649 1394 in
681 1354 822 1406 quibus
852 1355 925 1394 fuit
955 1355 1158 1407 praecipue
1180 1355 1321 1394 Dianae
1352 1356 1542 1395 sacerdos.
1595 1355 1705 1401 Huic,

191 1425 379 1464 sacerdoti
423 1424 488 1463 uni
526 1423 707 1463 convenit
736 1424 852 1462 etiam
884 1423 975 1462 Eur.
1007 1425 1053 1461 fr.
1087 1423 1132 1471 33
1173 1436 1261 1462 nam
1295 1424 1467 1463 Theseus
1499 1424 1544 1463 de
1576 1424 1707 1463 Medea

191 1505 269 1531 non
305 1492 421 1531 habet
461 1504 530 1530 cur
570 1498 775 1543 queratur,
812 1491 996 1542 quamdiu
1030 1491 1203 1530 nondum
1236 1491 1414 1543 cognitus
1444 1498 1503 1531 est
1532 1505 1552 1531 a
1582 1498 1708 1544 patre3

191 1573 268 1612 quo
290 1560 410 1599 semel
431 1562 531 1599 facto
553 1560 608 1599 sic
634 1560 674 1599 in
696 1559 830 1611 quavis
851 1560 1078 1599 condicione
1099 1572 1176 1599 non
1197 1560 1422 1611 loqueretur
1446 1561 1491 1599 de
1513 1561 1707 1611 genitore3

192 1628 300 1667 facile
331 1633 462 1667 autem
494 1628 701 1675 concedes,
743 1627 888 1679 optime
928 1629 1116 1679 quadrare
1158 1640 1310 1667 versum
1353 1627 1462 1668 illum
1503 1628 1548 1668 ad
1579 1636 1707 1681 partes

192 1696 402 1737 sacerdotis
463 1696 582 1736 iratae
628 1696 676 1736 ob
720 1696 908 1748 Aegeum,
966 1696 1032 1748 qui
1073 1696 1243 1735 Medeam
1294 1696 1470 1736 amittere
1516 1704 1706 1748 gravatur,

193 1765 374 1805 timorem
422 1766 584 1804 fortasse
630 1765 904 1817 praetendens,
953 1778 1000 1804 ne
1045 1764 1107 1804 illa
1144 1770 1264 1804 artem
1304 1777 1412 1804 suam
1452 1766 1707 1818 perniciosam

190 1833 229 1872 in
252 1833 388 1873 urbem
411 1833 469 1871 vel
500 1832 628 1884 ipsum
661 1839 800 1872 vertat:
833 1846 967 1873 versus
999 1839 1058 1873 est
1087 1846 1133 1872 ex
1163 1833 1409 1873 altercatione
1440 1834 1649 1874 sacerdotis
1671 1840 1708 1873 et

192 1902 356 1941 Medeae.

304 1970 405 2010 Haec
426 1970 472 2009 de
493 1970 630 2021 Aegeo.
663 1970 715 2009 De
737 1970 907 2010 secundo
930 1970 1100 2022 trilogiae
1123 1970 1306 2017 dramate,
1329 1970 1528 2018 Theseo,
1551 1977 1703 2011 tantum

191 2044 355 2086 constat,
388 2039 521 2079 Cretae
553 2051 707 2079 scenam
741 2051 837 2085 esse,
871 2039 917 2078 de
948 2038 1165 2079 Minotauro
1198 2039 1415 2091 superando
1446 2039 1518 2091 agi.
1571 2040 1707 2080 Rixam

191 2108 293 2147 illam
327 2107 394 2159 qui
424 2113 505 2147 erat
535 2107 638 2146 inter
669 2107 836 2147 Minoem
868 2114 906 2147 et
927 2108 1121 2147 Theseum
1148 2110 1207 2157 (fr.
1232 2107 1328 2157 386)
1351 2108 1413 2147 Fr.
1437 2108 1574 2159 Le010)
1606 2108 1707 2147 felici

192 2175 412 2215 coniectura
446 2188 541 2214 usus
570 2182 793 2227 comparato
814 2176 1004 2216 Pausania
1026 2177 1109 2215 117
1141 2176 1292 2215 rettulit
1320 2175 1366 2215 ad
1398 2175 1658 2215 dubitationes
1688 2188 1709 2215 a

193 2244 320 2283 Minoe
350 2243 518 2295 prolatas
549 2243 595 2282 de
626 2243 753 2282 divina
784 2244 923 2284 Thesei
954 2244 1114 2296 origine,
1153 2257 1248 2295 quas
1278 2243 1341 2283 ille
1371 2243 1423 2283 ita
1454 2243 1628 2291 removit,
1669 2250 1710 2283 ut

192 2318 230 2351 et
269 2311 430 2351 anulum
472 2324 492 2349 a
532 2306 621 2361 rege
661 2311 700 2349 in
742 2324 846 2351 mare
887 2313 1105 2352 coniectum
1152 2313 1379 2364 demergens
1418 2318 1633 2364 reportaret
1672 2318 1710 2351 et

191 2392 376 2421 coronam
398 2391 555 2419 auream
577 2378 623 2418 ab
643 2379 877 2432 Amphitrita
898 2387 1112 2433 receptam:
1145 2380 1283 2429 fabula,
1317 2387 1359 2421 ut
1381 2380 1542 2421 Miconis
1569 2381 1708 2432 imago,

192 2448 408 2501 Euphronii
439 2454 570 2500 patera
601 2447 715 2499 picta,
747 2455 872 2487 crater
892 2449 1166 2500 Agrigentinus
1189 2450 1368 2502 (utraque
1390 2449 1536 2501 iunior)
1558 2449 1709 2495 docent,

193 2517 286 2557 satis
307 2524 401 2557 nota
422 2515 549 2569 quinti
572 2515 714 2555 saeculi
736 2516 972 2556 hominibus.
1028 2516 1111 2564 Qua
1134 2517 1172 2556 in
1194 2518 1393 2557 occasione
1414 2518 1606 2558 Theseum
1633 2523 1709 2557 tres

192 2586 275 2626 illas
307 2585 524 2638 optationes
556 2598 576 2625 a
606 2584 785 2637 Neptuno
816 2592 925 2638 patre
955 2585 1146 2638 recepisse
1177 2586 1370 2626 Robertus
1402 2587 1634 2639 suspicatur.

304 2653 434 2693 Unum
466 2659 569 2692 certe
600 2653 661 2692 his
691 2653 778 2692 addi
808 2667 922 2706 posse
952 2654 1143 2694 existimo.
1182 2654 1356 2707 Namque
1376 2655 1417 2695 in
1439 2653 1710 2706 Aristophanis

306 2758 333 2801 ⁹)
358 2757 400 2791 fr.
428 2758 447 2790 5
473 2757 591 2790 Medea
616 2758 709 2800 loqui
734 2758 869 2791 videtur
894 2759 1037 2791 insidias
1063 2758 1282 2799 institutura3
1308 2759 1490 2792 familiaris
1513 2759 1587 2799 ille,
1611 2767 1709 2799 quem

191 2815 357 2847 arbitrum
381 2815 482 2847 habet
507 2820 542 2847 et
566 2813 717 2847 sortasse
742 2815 812 2847 doli
837 2816 890 2847 sui
916 2816 1120 2856 ministrum,
1150 2816 1183 2848 ni
1209 2815 1311 2848 fallor
1325 2815 1441 2848 Medus
1470 2819 1533 2847 est.

303 2872 342 2912 ¹⁰)
371 2872 415 2903 De
440 2873 556 2904 Senec..
585 2877 691 2913 tragg.
721 2871 879 2905 obses-vv.
906 2873 998 2906 critt.
1031 2874 1105 2915 180,
1124 2873 1177 2905 25.
