1937 3315
862 166 1150 206 *44-

248 284 343 323 siam
377 273 521 334 tingere,
552 282 628 322 illic
658 289 747 321 voto
778 281 903 321 Furiis
934 282 1094 322 delubro
1125 283 1188 333 (cf.
1221 282 1310 322 Eur.
1343 282 1397 322 El.
1423 282 1545 329 1650)
1585 282 1753 333 quietem

247 349 399 394 tandem
440 362 688 402 recuperare:
736 350 829 388 haec
871 351 921 389 ita
961 350 1207 389 Stesichorus
1251 350 1461 401 quominus
1505 350 1753 396 enarraverit,

245 419 356 471 plane
393 418 490 457 nihil
521 418 660 458 obstat.
721 418 768 457 Et
798 431 875 470 quo
905 417 1065 471 propius
1104 419 1196 458 haec
1234 417 1381 469 singula
1421 422 1616 458 momenta
1653 417 1755 458 inter

245 499 286 525 se
316 486 534 532 cohaerent,
575 499 620 524 eo
660 485 780 537 magis
818 492 987 538 apparet,
1031 485 1262 528 Stesichoro,
1305 486 1372 537 qui
1410 485 1473 525 hic
1508 484 1584 525 illic
1613 484 1754 524 diserte

244 555 282 594 in
314 554 465 594 Orestis
496 553 652 593 scholiis
684 554 838 601 citatur,
870 554 907 592 in
939 554 1044 594 hisce
1074 554 1191 593 rebus
1212 561 1369 593 auctore
1400 567 1514 594 usum
1536 566 1620 593 esse
1640 553 1755 592 Euri-

245 623 387 674 pidem,
419 622 526 661 nullo
556 627 708 674 praeter
738 622 970 674 Aeschylum
1003 628 1042 662 et
1071 637 1095 671 γ
1117 622 1194 661 311
1229 621 1302 661 alio
1333 624 1439 661 sonte
1470 621 1653 661 admixto.

355 690 464 730 Addo
495 689 555 729 his
586 689 735 741 singula
773 703 906 742 pauca,
947 691 1052 730 velut
1089 690 1349 742 suspicionem
1387 690 1547 729 Roberti
1589 690 1752 730 Oeacem

244 757 458 797 Palamedis
508 759 571 805 (cf.
621 757 783 796 Stesich.
827 760 873 796 t'r.
913 758 965 797 34
1004 758 1175 809 Bergk.⁴)
1227 757 1356 797 fratris
1395 757 1606 797 ulciscendi
1641 770 1753 797 causa

243 837 331 864 cum
365 825 547 876 Aegistho
578 831 710 865 contra
744 825 923 866 Orestem
956 827 1109 866 stetisse
1140 825 1379 872 conicientis‚
1410 825 1456 864 ad
1488 825 1598 864 cuius
1620 825 1755 877 dispu-

243 892 429 932 tationem
461 906 497 944 p.
524 892 602 932 182
620 905 703 945 sqq.
736 894 874 945 relego,
913 906 1002 933 cum
1034 894 1115 945 ipse
1153 906 1231 945 quo
1267 893 1405 932 dubiae
1441 892 1497 931 rei
1527 893 1661 932 lumen
1692 893 1753 931 in-

242 962 361 999 feram
395 959 492 999 nihil
523 960 697 1000 habeam.
748 984 784 989 —
813 961 913 1000 Tum
954 961 1059 1009 illud,
1097 961 1199 1013 quod
1241 960 1444 1013 Euripides
1482 972 1637 1012 semper
1675 966 1754 1000 tres

241 1041 407 1068 numero
429 1028 564 1068 Furias
586 1028 679 1068 dicit
699 1029 787 1069 Tro.
810 1030 905 1068 457.
937 1029 1003 1069 Or.
1027 1029 1119 1069 408.
1146 1029 1251 1069 1650
1280 1029 1344 1080 (ct'.
1366 1029 1448 1081 Iph.
1471 1028 1514 1067 T.
1537 1027 1618 1067 285
1636 1030 1753 1080 sqq.l,

241 1096 388 1148 vulgari
420 1109 551 1136 earum
585 1096 759 1149 religioni
789 1098 1041 1150 respondens,
1073 1110 1160 1137 cnm
1193 1097 1403 1151 Aeschylus
1433 1102 1477 1137 ut
1497 1096 1605 1137 chori
1626 1102 1755 1150 partes

242 1166 288 1205 iis
321 1165 509 1205 tribueret
541 1166 723 1205 traditum
756 1179 965 1206 numerum
998 1166 1179 1213 auxisset,
1212 1166 1312 1206 sicut
1343 1165 1596 1206 imminuerat
1635 1166 1755 1205 tradi-

243 1239 325 1273 tum
350 1234 389 1272 in
412 1232 647 1273 Danaidibus
661 1233 723 1285 ⁸⁷).
746 1258 800 1263 —
823 1234 933 1281 Quod
951 1233 1154 1286 Euripides
1171 1239 1303 1274 narrat
1319 1233 1400 1285 Iph.
1418 1232 1461 1272 T.
1485 1233 1563 1273 951
1582 1232 1756 1285 hospites

241 1301 401 1346 Orestis,
441 1314 490 1340 ne
521 1301 638 1340 ceteri
669 1301 849 1341 convivae
879 1315 926 1341 ex
956 1302 1090 1341 codem
1124 1308 1270 1342 cratere
1301 1314 1389 1341 cum
1423 1300 1624 1353 inquinato
1657 1302 1754 1340 hau-

241 1370 384 1408 rientes
415 1369 593 1420 contagio
624 1370 912 1408 macularentur
949 1382 1020 1408 nec
1058 1376 1187 1409 tamen
1225 1369 1286 1408 ille
1318 1368 1491 1407 seclusus
1522 1369 1751 1415 laederetur,

240 1436 424 1476 omnibus
455 1436 626 1476 convivis
658 1436 806 1488 singula
839 1438 975 1489 pocula
1013 1438 1122 1490 plena
1163 1438 1433 1490 proposuisse:
1473 1436 1510 1475 id
1552 1446 1750 1489 tamquam

241 1503 475 1558 μηχάνημα
511 1517 530 1543 a
579 1504 777 1544 Pandione
824 1505 1023 1545 inventum
1069 1508 1235 1545 refertur
1282 1506 1318 1544 in
1360 1504 1515 1544 scholiis
1558 1504 1752 1557 Aristoph.

241 1573 332 1612 Ach.
356 1572 449 1612 961.
481 1572 579 1624 Equ.
603 1573 656 1612 95
694 1573 744 1612 ita
785 1580 827 1613 ut
857 1586 997 1612 nomen
1032 1569 1146 1620 Χόες
1182 1573 1271 1612 festi
1307 1573 1395 1612 inde
1433 1572 1647 1619 derivetur;
1685 1574 1752 1612 sed

240 1646 318 1680 tota
350 1640 548 1679 historiola
579 1653 625 1679 ex
655 1641 803 1680 Orestis
833 1641 973 1686 fabula,
1004 1654 1101 1693 quae
1132 1641 1248 1680 etiam
1278 1640 1510 1680 nominatim
1532 1640 1750 1692 respicitur,

240 1709 401 1748 deducta
423 1714 494 1755 est,
526 1721 598 1748 nec
619 1711 791 1760 profecto
813 1722 873 1748 res
898 1709 992 1761 ipsa,
1016 1715 1149 1761 utpote
1172 1709 1417 1762 simplissima
1440 1714 1554 1760 atque
1585 1721 1630 1748 ex
1661 1708 1749 1748 festi

239 1776 398 1828 agrestis
422 1788 529 1815 more
551 1783 652 1823 nata,
683 1776 935 1829 explicatione
952 1777 1207 1829 mythologica
1230 1776 1435 1828 indigebat,
1467 1776 1542 1815 nisi
1572 1776 1751 1828 opinione

237 1857 385 1892 eorum,
416 1844 482 1897 qui
514 1845 560 1884 de
589 1844 698 1883 sestis
729 1851 768 1883 et
798 1844 937 1884 ritibus
968 1845 1086 1884 libros
1117 1845 1328 1885 conderent
1356 1851 1471 1898 atque
1498 1844 1668 1884 cuiusvis
1696 1844 1751 1883 rei

239 1914 385 1953 αἴτιον
415 1915 550 1953 afferre
582 1913 795 1953 studerent.

946 2000 1043 2048 111.

354 2082 388 2120 1.
433 2081 477 2120 ln
507 2081 642 2132 limine
663 2088 857 2121 extremae
887 2082 1080 2134 Euripidis
1110 2084 1257 2131 aetatis,
1288 2082 1401 2122 cuius
1421 2082 1523 2121 intra
1551 2083 1646 2120 tines
1671 2088 1748 2121 tota

237 2150 331 2189 haec
362 2149 574 2201 disputatio
606 2155 793 2196 versatur,
825 2150 959 2190 Troica
990 2150 1052 2189 illa
1084 2151 1233 2202 trilogia
1265 2150 1388 2202 posita
1411 2156 1470 2189 est
1499 2150 1751 2200 (Alexander-

235 2218 684 2270 Palamedes-Troades),
715 2231 813 2271 quae
843 2220 918 2259 iam
942 2220 1146 2260 consilium
1178 2219 1322 2259 indicat
1342 2225 1476 2271 poetae
1498 2217 1625 2258 Troici
1655 2218 1750 2270 cycli

235 2288 376 2327 fabulis
408 2300 547 2327 novam
571 2300 726 2339 operam
750 2287 937 2326 navaturi.
998 2288 1145 2335 Quodsi
1166 2288 1271 2327 nulla
1292 2287 1332 2326 in
1354 2286 1569 2326 Troadibus
1593 2285 1748 2337 vestigia

237 2357 420 2407 leguntur
450 2368 584 2395 eorum
618 2354 850 2400 carminum,
887 2368 985 2406 quae
1024 2356 1063 2394 in
1095 2356 1346 2407 sequentibus
1386 2354 1526 2394 fabulis
1561 2353 1749 2400 adhibuit,

235 2424 273 2462 id
304 2424 410 2463 nullo
441 2423 557 2462 modo
588 2422 728 2468 obstat,
759 2422 972 2473 quominus
1002 2422 1041 2461 in
1072 2424 1144 2462 hac
1175 2423 1368 2474 tragoedia
1397 2420 1750 2472 lliupersidem

235 2492 406 2531 eiusdem
440 2497 574 2543 poetae
604 2489 819 2542 respexerit
848 2495 963 2540 atque
995 2490 1089 2530 adeo
1120 2492 1282 2530 sortasse
1312 2490 1353 2529 in
1374 2490 1474 2529 hanc
1494 2487 1666 2539 primum
1688 2488 1749 2527 in-

345 2594 388 2635 ⁵⁷)
414 2593 594 2636 Euripides
619 2593 689 2635 ipse
715 2592 748 2623 in
775 2592 884 2633 prima
909 2592 1084 2632 tragoedia
1111 2603 1183 2632 sua,
1216 2591 1434 2626 Eumenidum
1461 2589 1657 2632 exemplum,
1684 2600 1747 2622 uno

238 2648 387 2681 triennio
418 2647 639 2690 praecedens,
672 2650 807 2679 secutus
837 2656 911 2678 esse
937 2646 1092 2687 videtur,
1121 2646 1163 2679 cf.
1195 2647 1292 2680 ovid.
1318 2648 1423 2681 Trist.
1452 2647 1490 2686 V,
1515 2647 1548 2685 5,
1566 2648 1626 2679 55:
1652 2657 1744 2686 ‚cum

232 2704 328 2738 Pelia
360 2703 495 2746 genitae
528 2707 592 2736 tot
622 2703 727 2744 sint,
766 2713 825 2735 cur
857 2704 983 2737 nobilis
1015 2716 1078 2737 una
1111 2702 1204 2737 est?‘
1230 2703 1290 2735 alii
1321 2707 1427 2736 testes
1453 2712 1566 2734 omnes
1594 2700 1749 2741 exiguum

233 2761 404 2793 Peliadum
429 2769 613 2798 numerum,
639 2759 727 2790 intra
754 2760 834 2791 duas
861 2764 894 2791 et
924 2759 1066 2801 quinque
1091 2763 1310 2799 constantem,
1344 2759 1504 2791 exhibent
1536 2759 1582 2797 (v.
1611 2757 1748 2790 Robert.

232 2818 331 2849 Arch.
357 2817 435 2858 Ztg.
466 2815 549 2848 1874
576 2826 605 2858 p.
628 2815 700 2857 136,
721 2816 791 2855 11),
818 2815 913 2847 otiam
941 2816 1091 2858 proximo
1120 2826 1219 2848 versu
1245 2818 1285 2848 ad
1311 2815 1517 2856 tragoediam
1537 2814 1749 2857 Euripideum

232 2872 491 2913 (Protesilaum)
516 2875 647 2913 spectat
671 2870 824 2903 Ovidius.
