1937 3315
875 146 1164 187 „69-

265 266 429 317 vulgaris
459 264 584 314 imago
615 268 748 315 poetae
779 275 864 303 sese
894 261 1078 303 obtrudit.
1138 263 1316 304 Ceterum
1357 262 1517 305 Ovidius
1557 270 1642 306 tum
1680 278 1768 305 cor-

263 345 354 388 pora
385 332 478 385 ipsa,
511 335 595 370 tum
628 329 785 370 umbras
816 328 1090 370 sceleratorum
1128 329 1167 369 in
1198 329 1298 370 Orco
1328 330 1493 370 cruciari
1531 331 1604 371 sibi
1643 332 1766 385 fingit.

264 403 318 441 Cf.
341 400 455 440 Trist.
478 399 508 438 V
530 398 567 446 3,
591 397 662 438 39:

506 478 591 505 ossa
623 466 852 518 bipenniferi
883 466 937 505 sic
969 466 1047 505 sint
1077 466 1174 506 male
1204 479 1335 519 pressa
1367 467 1542 519 Lycurgi,

505 533 620 586 impia
642 546 713 573 nec
732 546 855 587 poena
876 533 1069 573 Pentheos
1100 533 1237 574 umbra
1268 541 1386 575 vacet.
1417 558 1472 562 ——

371 603 529 644 Mirifice
559 602 753 644 consentit
784 602 909 643 Ovidii
938 602 1047 642 locus
1079 602 1244 643 79—84
1275 615 1362 643 cum
1395 603 1460 643 illo
1491 604 1595 656 quod
1618 605 1764 646 Pausa-

260 673 341 713 nias
370 673 404 714 11
425 671 490 719 32,
514 671 538 711 3
567 672 676 723 quasi
706 673 849 711 αἴτιον
875 671 986 711 affert
1013 668 1300 711 Κατασκοπία
1321 672 1503 720 nominis,
1535 686 1612 725 quo
1635 674 1763 714 Venus

259 742 450 781 Troezene
471 741 752 792 appellabatur:
784 736 976 780 αὐτόθεν
995 736 1093 792 γάρ,
1127 736 1261 780 ὁπότε
1282 738 1543 793 γυμνάζοιτο
1565 738 1588 781 ὁ
1603 737 1762 782 Ἱππό-

257 808 380 854 λυτος
411 803 661 858 ἀπέβλεπεν
699 808 760 855 εἷς
797 804 928 847 αὐτὸν
966 805 1107 860 ἐρῶσα
1145 804 1170 860 ἦ
1209 805 1395 860 Φαίδρα.
1456 808 1495 847 Si
1533 809 1763 861 respicimus

257 875 581 929 quemadmodum
620 875 828 916 Pausanias
869 874 1062 915 Phaedrae
1099 887 1160 914 res
1201 874 1427 927 Euripideas
1471 883 1624 917 enarret
1662 883 1762 917 tam-

256 957 370 998 quam
402 943 549 984 fabulas
580 944 771 984 Troezene
801 943 1046 983 circumlatas
1077 949 1115 982 et
1145 943 1233 983 inde
1264 943 1459 992 oriundas,
1492 957 1570 985 non
1593 946 1761 986 multum

255 1015 392 1060 obstat,
424 1013 633 1064 quominus
664 1014 763 1053 hanc
793 1012 1136 1060 narratiunculam,
1168 1025 1266 1064 quae
1299 1012 1424 1052 Ovidii
1456 1014 1632 1054 versibus
1653 1028 1762 1055 com-

254 1082 450 1135 probatur,
481 1081 527 1120 ad
558 1081 732 1121 Velatum
763 1082 988 1121 referamus.
1049 1080 1193 1128 Quodsi
1225 1079 1349 1120 simile
1371 1080 1552 1132 quiddam
1586 1082 1651 1121 sed
1683 1082 1759 1123 iam

255 1150 433 1190 lascivius
464 1150 511 1189 de
542 1150 665 1202 Scylla
695 1150 862 1190 Minoem
893 1150 1071 1190 iuvenem
1103 1149 1388 1201 contemplante
1420 1149 1528 1189 Ovid.
1561 1150 1648 1191 Met.
1679 1151 1761 1191 VIII

253 1218 306 1259 20
323 1231 405 1271 sqq.
437 1217 489 1258 32
520 1225 558 1259 et
588 1217 754 1259 maxime
783 1218 908 1258 Nonn.
938 1218 1041 1258 XXV
1064 1218 1142 1258 165
1173 1209 1354 1258 narratur
1382 1217 1498 1270 idque
1528 1231 1573 1258 ex
1595 1219 1760 1260 Alexan-

253 1286 373 1325 drinis
390 1288 829 1343 exemplisexpressum,
860 1286 949 1325 inde
966 1299 1043 1325 non
1066 1293 1145 1326 tam
1162 1269 1362 1325 iuniorem‘
1371 1299 1456 1325 esse
1471 1286 1585 1326 istius
1601 1288 1759 1328 fabellae

251 1354 534 1407 (Hippolyteae)
565 1361 728 1395 aetatem
760 1355 895 1407 colligo
925 1367 1040 1407 quam
1072 1354 1187 1394 huius
1217 1354 1487 1395 auctoritatem
1511 1354 1558 1394 ab
1588 1354 1664 1396 illis
1695 1368 1758 1396 re-

252 1430 434 1477 spectam.
493 1424 714 1464 Eorundem
745 1429 947 1463 auctorum
979 1435 1214 1463 consensum
1246 1423 1434 1462 habemus
1455 1423 1495 1462 in
1517 1436 1759 1464 commemo-

250 1493 399 1533 ratione
428 1493 636 1533 liherorum
677 1505 696 1532 e
728 1491 899 1532 Phaedra
937 1497 1131 1539 natorum,
1172 1491 1238 1543 qui
1279 1491 1394 1532 etiam
1432 1492 1471 1532 in
1511 1492 1758 1545 sacrophagis

250 1566 474 1607 cernuntur,
505 1574 595 1601 cum
625 1561 663 1599 in
686 1559 910 1600 Coronifero
939 1562 1017 1599 fere
1047 1560 1150 1599 nulla
1182 1572 1316 1599 eorum
1349 1561 1495 1601 mentio
1525 1562 1592 1600 fiat
1621 1561 1756 1613 (314):

249 1637 287 1670 et
323 1629 482 1670 Ovidius
522 1628 598 1668 121
619 1641 702 1681 sqq.
745 1635 783 1668 et
821 1627 1030 1668 Pausanias
1059 1627 1083 1667 l.
1116 1640 1148 1667 c.
1180 1630 1298 1668 refert
1338 1629 1530 1670 Theseum
1572 1642 1616 1669 eo
1652 1636 1757 1670 certo

249 1697 407 1737 consilio
438 1698 572 1750 egisse,
605 1703 648 1737 ut
677 1696 850 1736 Phadrae
879 1696 1002 1743 liberi,
1032 1709 1111 1736 non
1131 1696 1335 1737 Amazonis
1356 1697 1470 1745 filius,
1502 1710 1665 1750 regnum
1686 1698 1757 1738 ob-

250 1765 429 1806 tinerent.
489 1766 531 1805 In
565 1764 700 1805 Ovidio
722 1765 802 1805 solo
823 1764 860 1805 id
890 1771 1041 1818 poterat
1070 1765 1283 1805 rhetoricae
1314 1765 1522 1806 elocutioni
1551 1766 1755 1819 impertiri,

247 1835 355 1886 quasi
385 1835 528 1875 fallacia
559 1834 765 1881 Phaedrae,
806 1847 880 1885 qua
910 1833 979 1873 filii
1008 1833 1048 1873 in
1077 1840 1224 1886 patrem
1258 1834 1527 1874 verecundiam
1564 1835 1755 1887 infringe-

247 1909 325 1951 ret3
358 1904 404 1943 de
434 1917 510 1956 quo
541 1915 645 1942 nunc
675 1902 784 1942 aliter
812 1902 1062 1942 iudicandum
1096 1908 1155 1942 est
1184 1903 1388 1942 accedente
1420 1902 1622 1943 Pausania.

359 1973 531 2013 Velatum
565 1972 812 2025 Hippolytum
845 1983 1000 2011 scenam
1031 1970 1212 2011 habuisse
1233 1984 1312 2011 non
1335 1972 1525 2012 Troezene
1545 1972 1614 2012 sed
1633 1972 1754 2012 Athe—

246 2039 307 2079 nis
337 2039 502 2081 coniecit
536 2040 613 2081 Leo
651 2053 671 2080 e
702 2040 868 2080 Senecae
905 2038 1097 2091 tragoedia
1129 2045 1167 2079 et
1197 2038 1305 2078 Ovid.
1337 2039 1425 2079 Met.
1458 2040 1524 2079 XV
1555 2041 1636 2081 506
1668 2042 1753 2081 coll.

246 2107 346 2148 Fast.
369 2109 417 2148 VI
440 2109 532 2154 739,
564 2108 753 2161 Hartungi
790 2108 1045 2161 comprobans
1085 2107 1356 2161 suspicionem.
1416 2108 1682 2149 Kalkmannus
1713 2110 1753 2150 in

246 2176 516 2217 dissertatione
537 2191 574 2233 p.
597 2177 649 2218 26
671 2178 770 2217 hanc
799 2188 882 2216 rem
914 2176 1139 2216 brevissime
1169 2176 1377 2228 attigit¹⁷⁸).
1438 2177 1487 2217 Et
1516 2191 1753 2230 quamquam

246 2245 291 2284 de
322 2247 548 2298 quaestione
577 2247 659 2299 ipsa
689 2246 789 2286 idem
823 2245 961 2293 sentio,
993 2251 1120 2285 tamen
1143 2253 1368 2297 argumenta
1399 2246 1541 2298 quibus
1571 2259 1633 2287 res
1660 2260 1755 2287 con-

245 2313 434 2362 firmetur,
464 2315 579 2355 etiam
611 2326 715 2354 nunc
744 2312 909 2365 plurima
941 2319 1090 2354 restant
1119 2314 1273 2354 intacta.
1333 2315 1510 2355 Primum
1550 2315 1653 2355 enim
1694 2322 1755 2355 to·-

246 2386 327 2419 tum
359 2369 433 2422 hoc
462 2383 619 2423 exilium
650 2381 789 2421 Thesei
818 2381 994 2433 quamvis
1030 2395 1107 2421 non
1145 2382 1342 2435 ineptum,
1383 2390 1513 2422 tamen
1551 2383 1752 2422 inventum

245 2455 303 2487 est
332 2462 352 2488 a
383 2458 513 2501 poeta3
544 2464 616 2491 nec
646 2450 737 2490 satis
768 2448 1017 2501 probabiliter
1046 2450 1135 2501 egit,
1167 2450 1271 2501 quod
1303 2450 1452 2490 obitum
1474 2451 1606 2490 infesti
1637 2457 1675 2490 et
1696 2451 1754 2502 gi-

244 2517 369 2567 gantei
399 2518 655 2560 Pallantidum
687 2518 851 2572 generis,
892 2531 970 2571 quo
1007 2517 1155 2558 devicto
1194 2518 1352 2559 demum
1384 2518 1423 2558 in
1465 2524 1549 2559 tuto
1589 2518 1754 2559 colloca-

244 2584 385 2627 bantur
414 2588 597 2637 Athenae,
630 2590 669 2630 in
700 2589 894 2642 piaculum
927 2587 1042 2628 vertit
1072 2587 1443 2641 consanguinitatem
1464 2588 1618 2628 illorum
1641 2600 1754 2642 prae—

355 2746 413 2791 1”“)
439 2747 530 2792 Quae
554 2750 650 2792 plura
675 2749 715 2782 de
740 2749 802 2782 hac
826 2757 863 2781 re
887 2748 1109 2781 disserturum
1134 2758 1170 2781 se
1194 2758 1269 2782 esse
1294 2748 1465 2792 promisit,
1490 2753 1652 2793 quatenus
1676 2759 1754 2793 per-

242 2799 380 2847 fecerit,
405 2816 468 2838 non
494 2807 590 2849 novi,
617 2818 689 2840 cum
715 2812 847 2850 praeter
871 2806 1143 2840 dissertationem
1168 2806 1261 2840 illam
1285 2807 1396 2851 (pagg.
1415 2807 1471 2848 44)
1497 2807 1582 2840 nihil
1608 2806 1754 2840 eiusdem

243 2861 393 2892 auctoris
416 2862 579 2895 habeatur
602 2865 769 2907 hucusque
794 2864 827 2895 in
853 2863 1068 2896 bibliothecis
1094 2864 1378 2896 Berolinensibus.
