1937 3315
871 170 1158 209 -77-

380 287 416 325 4.
462 286 675 326 Paucarum
708 286 812 325 inter
842 287 1060 338 deperditas
1092 286 1210 327 huius
1241 291 1380 338 poetae
1411 286 1627 338 tragoedias
1648 286 1773 325 inter-

265 356 341 394 itus
371 362 448 395 tam
481 367 594 406 aegre
625 356 746 394 fertur
767 368 883 407 quam
913 354 1155 407 Meleagri,
1187 368 1284 408 quae
1314 361 1352 395 et
1383 354 1578 395 coloribus
1600 354 1714 395 variis
1735 361 1773 394 et

267 423 475 462 momentis
506 422 684 473 gravibus
715 422 943 475 idoneisque
973 423 1019 461 ad
1048 423 1199 462 animos
1220 423 1523 462 commovendos
1543 422 1772 462 abundabat.

267 490 374 530 Hanc
404 490 594 542 expressit
623 490 772 537 Accius,
810 502 890 530 non
923 491 1192 543 Sophocleam.
1226 503 1324 543 quae
1355 491 1401 530 de
1432 490 1637 542 Calydonis
1666 490 1773 530 obsi-

266 558 380 598 dione
397 558 543 609 agebat,
561 558 593 596 si
614 558 770 609 quidem
792 558 1035 597 sacerdotum
1058 558 1211 605 chorus,
1234 559 1300 610 qui
1323 558 1499 605 traditur,
1524 557 1611 597 illuc
1633 558 1772 596 melius

265 639 379 678 quam
412 627 456 666 ad
489 626 731 666 venationem
762 626 864 674 facit,
896 631 1011 678 atque
1043 626 1074 666 si
1105 628 1364 678 fragmentum
1397 625 1477 665 370
1510 624 1771 678 Sophocleum

264 699 368 734 recte
398 694 646 746 interpretor.
707 693 763 732 Ibi
794 699 899 733 sorte
930 693 1083 744 eligitur
1115 694 1253 746 aliquis
1280 694 1324 733 ad
1348 694 1477 733 nescio
1499 694 1602 746 quod
1626 706 1772 733 munus

263 763 495 815 principale3
515 762 732 802 cuiusmodi
755 768 1000 802 momentum
1024 762 1090 810 nil,
1113 768 1303 814 quantum
1326 768 1482 815 exputo,
1504 762 1655 802 fabulae
1678 774 1774 802 con-

264 831 370 870 venit
398 830 624 876 venationis,
657 831 711 869 rei
735 831 934 870 communi
955 831 1132 869 omnium
1155 830 1303 882 impetu
1325 830 1594 882 perficiendae,
1626 831 1773 882 optime

264 903 394 938 autem
426 899 535 938 alteri
564 911 678 950 quam
711 898 865 937 exhibet
895 898 1149 949 Apollodorus
1173 921 1224 927 ——
1245 910 1361 950 quam
1395 897 1599 944 Prellerus,
1630 897 1662 936 is
1684 898 1771 949 qui-

264 966 350 1005 dem
382 966 498 1006 nimis
530 966 783 1011 confidentur,
816 965 991 1017 Sophocli
1024 964 1159 1005 tribuit
1188 988 1257 1009 -—,
1286 965 1351 1004 ubi
1374 965 1572 1005 ambarum
1598 965 1771 1016 gentium

262 1035 404 1074 bellum
436 1034 640 1075 conficitur
670 1034 855 1085 singulari
876 1046 1004 1086 pugna
1024 1033 1204 1086 Meleagri
1227 1046 1314 1074 cum
1339 1033 1615 1073 Tbestiadibus
1635 1034 1771 1074 decer·

262 1104 391 1142 tantis.
451 1103 493 1142 ln
524 1104 610 1147 hoc,
653 1104 690 1141 ni
721 1103 843 1149 fallor,
882 1102 1099 1142 debellandi
1132 1114 1275 1142 munus
1306 1107 1411 1142 sorte
1441 1103 1672 1142 evocabatur
1704 1115 1772 1141 seu

262 1170 447 1221 Meleager
476 1195 530 1200 --
569 1171 671 1222 quod
710 1170 841 1209 minus
883 1170 1099 1222 probabile,
1141 1183 1229 1211 cum
1267 1171 1338 1222 ipsi
1375 1171 1590 1210 fortissimo
1627 1176 1772 1210 sortem

261 1238 459 1290 obtingere
480 1238 600 1278 miros
620 1250 690 1277 nos
712 1238 849 1277 habeat
868 1260 936 1285 -—‚
958 1237 1024 1277 sed
1046 1238 1191 1289 potius,
1218 1238 1321 1290 quod
1346 1237 1570 1290 amplector,
1592 1237 1772 1277 Thestia-

261 1307 397 1346 darum
422 1318 534 1355 unus,
565 1319 680 1359 quem
703 1307 873 1346 occisum
897 1306 1081 1358 deinceps
1113 1307 1230 1346 frater
1260 1306 1306 1345 ad
1338 1306 1605 1346 ulciscendum
1633 1311 1773 1358 sponte

260 1376 494 1428 processisse
532 1375 727 1428 putandus
766 1380 834 1415 est.
903 1375 1128 1415 Homericae
1167 1375 1316 1414 fabulae
1359 1375 1617 1415 imitationem
1657 1375 1772 1414 etiam

259 1444 505 1483 sacerdotum
552 1444 713 1490 chorus,
765 1443 838 1482 iam
891 1444 930 1483 in
981 1443 1042 1482 illa
1090 1443 1242 1493 obvius,
1294 1443 1464 1483 indicare
1508 1443 1672 1483 videtur.
1719 1467 1773 1472 —
1827 1467 1829 1469 >

260 1511 397 1552 Accius
439 1512 555 1564 igitur
594 1523 672 1551 non
710 1511 814 1551 nulla
855 1511 1077 1563 suppeditat
1118 1512 1163 1550 ad
1204 1511 1492 1551 restituendum
1533 1510 1772 1563 Euripidem.

262 1580 307 1617 Et
338 1580 524 1619 docemur
555 1580 711 1631 quidem
752 1580 798 1618 de
835 1579 967 1630 spoliis
1004 1580 1126 1618 rixam
1164 1580 1284 1618 fuisse
1322 1580 1362 1618 in
1400 1592 1515 1618 scena
1550 1584 1640 1618 ante
1671 1580 1775 1618 iudi-

259 1660 361 1695 cem,
406 1647 550 1688 scilicet
594 1659 744 1699 regem,
790 1645 854 1686 ubi
902 1646 1071 1687 nobilior
1119 1647 1285 1687 fratrum
1331 1646 1372 1686 in
1418 1647 1634 1687 accusando
1679 1647 1774 1687 haec

257 1716 473 1767 proferret:

437 1781 559 1822 ‘cuius
591 1780 745 1821 exuvias
775 1786 813 1820 et
844 1793 1028 1822 coronam
1061 1782 1150 1822 huic
1181 1781 1402 1822 muneravit
1431 1781 1583 1833 virgini‘

259 1850 363 1889 uude
386 1851 640 1902 consequitur
661 1856 698 1890 et
720 1851 839 1903 ipsam
863 1852 1077 1891 Atalantam
1103 1851 1286 1899 adfuisse,
1309 1857 1458 1891 mutam
1481 1856 1612 1891 tamen
1637 1863 1772 1903 perso-

259 1929 349 1958 nam
371 1918 554 1972 loquente
571 1917 771 1971 Meleagro.
811 1919 959 1959 Iudicio
978 1924 1108 1960 autem
1127 1919 1289 1960 minime
1306 1919 1442 1959 cecidit
1459 1918 1660 1971 Meleager,
1677 1931 1774 1971 quae

258 1987 457 2028 Ribbeckii
486 1988 619 2040 opinio
651 1996 719 2034 est,
751 2001 880 2040 neque
911 1990 1013 2029 enim
1036 1990 1098 2029 hic
1119 1990 1327 2041 postmodo
1351 1989 1484 2042 spoliis
1507 1989 1630 2042 privat
1652 2001 1773 2029 avun—

258 2056 378 2103 culos,
415 2068 492 2108 quo
532 2069 607 2096 una
645 2068 731 2096 cum
765 2057 966 2109 sanguinis
1005 2057 1141 2097 officiis
1171 2057 1356 2097 iudicium
1387 2058 1533 2096 factum
1566 2056 1771 2096 evertisset

258 2129 296 2163 et
324 2137 481 2164 omnem
503 2125 723 2176 tragoediae
744 2125 878 2165 odium
901 2127 941 2165 in
973 2140 1014 2165 sc
1036 2126 1295 2177 congessisset
1316 2152 1369 2156 —
1392 2131 1430 2165 at
1447 2125 1537 2164 talia
1561 2137 1639 2164 non
1664 2131 1773 2165 curat

256 2192 490 2233 Ribbeckius
521 2207 595 2242 —3
625 2193 746 2233 immo
778 2205 915 2234 omnes
947 2199 1069 2234 testes
1101 2194 1354 2234 consentiunt
1386 2193 1611 2232 Thestiadas
1642 2193 1772 2245 potius

257 2275 277 2300 e
306 2261 472 2301 victricis
502 2262 660 2313 virginis
682 2262 863 2301 manibus
884 2263 1008 2315 spolia
1029 2263 1247 2315 arripuisse,
1271 2264 1372 2315 quod
1396 2263 1546 2302 facinus
1568 2261 1675 2300 nullo
1696 2262 1773 2300 iam

256 2329 382 2368 iudice
412 2329 678 2368 intercedente
710 2329 839 2369 statim
872 2329 1022 2369 iuvenis
1053 2336 1096 2370 ut
1127 2330 1257 2370 decuit
1279 2330 1499 2370 vindicavit.
1561 2329 1646 2376 Quo
1672 2331 1772 2368 facto

256 2397 447 2449 Meleager
477 2398 535 2436 vel
565 2397 631 2449 qui
662 2397 709 2436 ab
739 2397 822 2437 eius
854 2398 1010 2450 paribus
1042 2404 1117 2438 stat
1146 2399 1235 2437 talia
1268 2398 1444 2450 profatur
1476 2398 1772 2437 Thestiadarum

255 2466 407 2506 facinus
437 2465 726 2519 perstringens:

443 2538 541 2574 ‘erat
570 2535 672 2573 istuc
703 2534 810 2573 virile
842 2534 1045 2573 advorsam
1077 2534 1178 2574 ferre
1210 2534 1410 2574 fortunam
1443 2533 1575 2574 facul':

254 2616 353 2656 quae
384 2603 499 2644 verba
532 2615 612 2643 non
642 2608 737 2642 sunt
756 2601 1073 2652 Thestiadarum,
1105 2615 1192 2643 cum
1225 2608 1316 2643 ante
1347 2602 1515 2642 iudicem
1548 2607 1695 2642 stantes
1727 2602 1773 2642 de

255 2673 413 2712 adversa
451 2671 630 2723 Meleagri
669 2671 826 2710 fortuna
866 2671 971 2723 loqui
1010 2682 1088 2710 non
1133 2676 1316 2723 possent,
1358 2671 1541 2722 quoniam
1583 2684 1663 2711 non
1694 2677 1773 2711 tam

258 2741 397 2781 vicisse
412 2742 574 2781 amicam
591 2740 694 2780 illius
713 2752 830 2791 quam
847 2746 1000 2779 tantum
1019 2740 1238 2791 praemium
1256 2739 1409 2779 mulieri
1421 2739 1552 2779 deberi
1566 2739 1773 2791 negabant-

367 2809 467 2859 Ergo
499 2815 620 2848 mater
642 2808 866 2859 importuna
888 2815 1046 2859 accepto
1067 2808 1193 2847 caedis
1216 2807 1354 2847 nuntio
1375 2807 1422 2847 ad
1444 2814 1652 2846 cruentum
1675 2820 1772 2847 con—

255 2875 385 2916 silium
419 2877 653 2929 aggreditur.
704 2876 751 2915 At
781 2887 823 2914 re
856 2875 1034 2914 vixmodo
1057 2881 1274 2929 perpetrata
1297 2887 1439 2927 angore
1471 2881 1509 2915 et
1530 2875 1771 2927 poenitentia
