<?xml version="1.0" encoding="UTF-8"?>
<!DOCTYPE html PUBLIC "-//W3C//DTD XHTML 1.0 Transitional//EN"
    "http://www.w3.org/TR/xhtml1/DTD/xhtml1-transitional.dtd">
<html xmlns="http://www.w3.org/1999/xhtml" xml:lang="en" lang="en">
 <head>
  <title>
</title>
<meta http-equiv="Content-Type" content="text/html;charset=utf-8" />
  <meta name='ocr-system' content='tesseract 3.04.00' />
  <meta name='ocr-capabilities' content='ocr_page ocr_carea ocr_par ocr_line ocrx_word'/>
</head>
<body>
  <div class='ocr_page' id='page_1' title='image "./4625147_0026.png"; bbox 0 0 1937 3315; ppageno 0'>
   <div class='ocr_carea' id='block_1_1' title="bbox 788 166 1078 207">
    <p class='ocr_par' dir='ltr' id='par_1_1' title="bbox 788 166 1078 207">
     <span class='ocr_line' id='line_1_1' title="bbox 788 166 1078 207; baseline 0 -12"><span class='ocrx_word' id='word_1_1' title='bbox 788 166 1078 207; x_wconf 67' lang='lat'>—20-</span> 
     </span>
    </p>
   </div>
   <div class='ocr_carea' id='block_1_2' title="bbox 159 281 1689 2705">
    <p class='ocr_par' dir='ltr' id='par_1_2' title="bbox 164 281 1689 2031">
     <span class='ocr_line' id='line_1_2' title="bbox 168 281 1686 333; baseline -0.001 -11"><span class='ocrx_word' id='word_1_2' title='bbox 168 283 260 322; x_wconf 84' lang='lat' dir='ltr'>CIX.</span> <span class='ocrx_word' id='word_1_3' title='bbox 293 282 354 322; x_wconf 89' lang='lat' dir='ltr'>CX</span> <span class='ocrx_word' id='word_1_4' title='bbox 386 283 578 322; x_wconf 86' lang='lat' dir='ltr'>Marksch.</span> <span class='ocrx_word' id='word_1_5' title='bbox 605 282 696 321; x_wconf 87' lang='lat'><strong>113.</strong></span> <span class='ocrx_word' id='word_1_6' title='bbox 722 283 800 320; x_wconf 82' lang='lat'>114</span> <span class='ocrx_word' id='word_1_7' title='bbox 833 282 983 329; x_wconf 64' lang='lat' dir='ltr'>Kink.);</span> <span class='ocrx_word' id='word_1_8' title='bbox 1015 295 1141 333; x_wconf 88' lang='lat' dir='ltr'>neque</span> <span class='ocrx_word' id='word_1_9' title='bbox 1171 282 1441 329; x_wconf 86' lang='lat' dir='ltr'>dubitandum,</span> <span class='ocrx_word' id='word_1_10' title='bbox 1473 281 1567 333; x_wconf 90' lang='lat' dir='ltr'>quin</span> <span class='ocrx_word' id='word_1_11' title='bbox 1599 282 1686 321; x_wconf 92' lang='lat' dir='ltr'>inde</span> 
     </span>
     <span class='ocr_line' id='line_1_3' title="bbox 167 350 1689 404; baseline -0.001 -14"><span class='ocrx_word' id='word_1_12' title='bbox 167 351 349 403; x_wconf 81' lang='lat' dir='ltr'><strong>pleraque</strong></span> <span class='ocrx_word' id='word_1_13' title='bbox 377 364 585 404; x_wconf 88' lang='lat' dir='ltr'>procorum</span> <span class='ocrx_word' id='word_1_14' title='bbox 617 352 777 392; x_wconf 87' lang='lat' dir='ltr'>nomina</span> <span class='ocrx_word' id='word_1_15' title='bbox 804 350 999 399; x_wconf 87' lang='lat' dir='ltr'>fluxerint,</span> <span class='ocrx_word' id='word_1_16' title='bbox 1031 363 1130 403; x_wconf 91' lang='lat' dir='ltr'>quae</span> <span class='ocrx_word' id='word_1_17' title='bbox 1150 351 1406 403; x_wconf 89' lang='lat' dir='ltr'>Apollodorus</span> <span class='ocrx_word' id='word_1_18' title='bbox 1428 350 1478 389; x_wconf 89' lang='lat'>111</span> <span class='ocrx_word' id='word_1_19' title='bbox 1501 350 1565 398; x_wconf 89' lang='grc'>10,</span> <span class='ocrx_word' id='word_1_20' title='bbox 1588 350 1612 390; x_wconf 89' lang='grc'>8</span> <span class='ocrx_word' id='word_1_21' title='bbox 1633 373 1689 378; x_wconf 84' lang='lat'>-—</span> 
     </span>
     <span class='ocr_line' id='line_1_4' title="bbox 166 418 1688 471; baseline -0.001 -14"><span class='ocrx_word' id='word_1_22' title='bbox 166 431 257 457; x_wconf 90' lang='lat' dir='ltr'>nam</span> <span class='ocrx_word' id='word_1_23' title='bbox 287 419 427 471; x_wconf 77' lang='lat' dir='ltr'>Hygini</span> <span class='ocrx_word' id='word_1_24' title='bbox 455 426 571 471; x_wconf 88' lang='lat' dir='ltr'>caput</span> <span class='ocrx_word' id='word_1_25' title='bbox 592 419 641 458; x_wconf 87' lang='grc'>81</span> <span class='ocrx_word' id='word_1_26' title='bbox 667 419 785 458; x_wconf 91' lang='lat' dir='ltr'>nimis</span> <span class='ocrx_word' id='word_1_27' title='bbox 812 425 1041 471; x_wconf 89' lang='lat' dir='ltr'>corruptum</span> <span class='ocrx_word' id='word_1_28' title='bbox 1069 425 1128 458; x_wconf 91' lang='lat' dir='ltr'>est</span> <span class='ocrx_word' id='word_1_29' title='bbox 1149 441 1202 445; x_wconf 83' lang='lat'>——</span> <span class='ocrx_word' id='word_1_30' title='bbox 1224 419 1392 458; x_wconf 86' lang='lat' dir='ltr'>exhibet.</span> <span class='ocrx_word' id='word_1_31' title='bbox 1453 418 1599 457; x_wconf 84' lang='lat' dir='ltr'>Tamen</span> <span class='ocrx_word' id='word_1_32' title='bbox 1627 418 1688 468; x_wconf 86' lang='lat' dir='ltr'>(ut</span> 
     </span>
     <span class='ocr_line' id='line_1_5' title="bbox 165 486 1687 539; baseline -0.001 -14"><span class='ocrx_word' id='word_1_33' title='bbox 165 486 361 526; x_wconf 90' lang='lat' dir='ltr'>Robertus</span> <span class='ocrx_word' id='word_1_34' title='bbox 402 490 552 539; x_wconf 90' lang='lat' dir='ltr'>monet)</span> <span class='ocrx_word' id='word_1_35' title='bbox 592 489 658 539; x_wconf 90' lang='lat' dir='ltr'>qui</span> <span class='ocrx_word' id='word_1_36' title='bbox 693 493 908 539; x_wconf 90' lang='lat' dir='ltr'>quaereret,</span> <span class='ocrx_word' id='word_1_37' title='bbox 945 501 1022 539; x_wconf 90' lang='lat' dir='ltr'>quo</span> <span class='ocrx_word' id='word_1_38' title='bbox 1054 487 1209 527; x_wconf 88' lang='lat' dir='ltr'>tandem</span> <span class='ocrx_word' id='word_1_39' title='bbox 1246 488 1373 527; x_wconf 85' lang='lat' dir='ltr'>officio</span> <span class='ocrx_word' id='word_1_40' title='bbox 1412 486 1532 526; x_wconf 93' lang='lat' dir='ltr'>coacti</span> <span class='ocrx_word' id='word_1_41' title='bbox 1568 486 1687 525; x_wconf 93' lang='lat' dir='ltr'>totius</span> 
     </span>
     <span class='ocr_line' id='line_1_6' title="bbox 166 553 1688 608; baseline 0 -15"><span class='ocrx_word' id='word_1_42' title='bbox 166 555 345 594; x_wconf 78' lang='lat' dir='ltr'>Graeciae</span> <span class='ocrx_word' id='word_1_43' title='bbox 366 556 484 594; x_wconf 92' lang='lat' dir='ltr'>duces</span> <span class='ocrx_word' id='word_1_44' title='bbox 506 555 555 593; x_wconf 95' lang='lat' dir='ltr'>ob</span> <span class='ocrx_word' id='word_1_45' title='bbox 578 555 694 594; x_wconf 92' lang='lat' dir='ltr'>unius</span> <span class='ocrx_word' id='word_1_46' title='bbox 715 567 874 594; x_wconf 89' lang='lat' dir='ltr'>uxorem</span> <span class='ocrx_word' id='word_1_47' title='bbox 898 555 1042 594; x_wconf 91' lang='lat' dir='ltr'>bellum</span> <span class='ocrx_word' id='word_1_48' title='bbox 1066 555 1263 608; x_wconf 85' lang='lat' dir='ltr'><strong>suscipere</strong></span> <span class='ocrx_word' id='word_1_49' title='bbox 1281 555 1543 607; x_wconf 81' lang='lat' dir='ltr'>dignarentur,</span> <span class='ocrx_word' id='word_1_50' title='bbox 1565 554 1598 593; x_wconf 91' lang='lat' dir='ltr'>is</span> <span class='ocrx_word' id='word_1_51' title='bbox 1615 553 1688 593; x_wconf 82' lang='lat' dir='ltr'>fuit</span> 
     </span>
     <span class='ocr_line' id='line_1_7' title="bbox 167 622 1687 675; baseline -0.001 -12"><span class='ocrx_word' id='word_1_52' title='bbox 167 624 427 664; x_wconf 81' lang='lat' dir='ltr'>Stesichorus.</span> <span class='ocrx_word' id='word_1_53' title='bbox 489 623 651 675; x_wconf 85' lang='lat' dir='ltr'>Respice</span> <span class='ocrx_word' id='word_1_54' title='bbox 682 636 799 675; x_wconf 92' lang='lat' dir='ltr'>quam</span> <span class='ocrx_word' id='word_1_55' title='bbox 830 636 951 675; x_wconf 91' lang='lat' dir='ltr'>prope</span> <span class='ocrx_word' id='word_1_56' title='bbox 972 624 1008 662; x_wconf 90' lang='lat' dir='ltr'>id</span> <span class='ocrx_word' id='word_1_57' title='bbox 1032 636 1120 663; x_wconf 92' lang='lat' dir='ltr'>cum</span> <span class='ocrx_word' id='word_1_58' title='bbox 1143 629 1281 663; x_wconf 89' lang='lat' dir='ltr'>novato</span> <span class='ocrx_word' id='word_1_59' title='bbox 1312 624 1358 662; x_wconf 92' lang='lat' dir='ltr'>de</span> <span class='ocrx_word' id='word_1_60' title='bbox 1380 623 1523 663; x_wconf 89' lang='lat' dir='ltr'>Helena</span> <span class='ocrx_word' id='word_1_61' title='bbox 1544 622 1687 662; x_wconf 93' lang='lat' dir='ltr'>iudicio</span> 
     </span>
     <span class='ocr_line' id='line_1_8' title="bbox 166 689 1688 742; baseline -0.001 -13"><span class='ocrx_word' id='word_1_62' title='bbox 166 692 388 730; x_wconf 80' lang='lat' dir='ltr'>cohaereat:</span> <span class='ocrx_word' id='word_1_63' title='bbox 420 703 508 729; x_wconf 90' lang='lat' dir='ltr'>cum</span> <span class='ocrx_word' id='word_1_64' title='bbox 542 691 645 729; x_wconf 88' lang='lat' dir='ltr'>enim</span> <span class='ocrx_word' id='word_1_65' title='bbox 679 696 791 730; x_wconf 88' lang='lat' dir='ltr'>antea</span> <span class='ocrx_word' id='word_1_66' title='bbox 822 704 901 731; x_wconf 92' lang='lat' dir='ltr'>non</span> <span class='ocrx_word' id='word_1_67' title='bbox 934 705 1032 731; x_wconf 85' lang='lat' dir='ltr'>uxor</span> <span class='ocrx_word' id='word_1_68' title='bbox 1062 692 1177 731; x_wconf 89' lang='lat' dir='ltr'>modo</span> <span class='ocrx_word' id='word_1_69' title='bbox 1210 690 1275 730; x_wconf 90' lang='lat' dir='ltr'>sed</span> <span class='ocrx_word' id='word_1_70' title='bbox 1307 703 1399 742; x_wconf 90' lang='lat' dir='ltr'>opes</span> <span class='ocrx_word' id='word_1_71' title='bbox 1429 702 1586 741; x_wconf 89' lang='lat' dir='ltr'>quoque</span> <span class='ocrx_word' id='word_1_72' title='bbox 1608 689 1688 727; x_wconf 91' lang='lat' dir='ltr'>Me-</span> 
     </span>
     <span class='ocr_line' id='line_1_9' title="bbox 166 757 1687 812; baseline -0.001 -16"><span class='ocrx_word' id='word_1_73' title='bbox 166 758 266 797; x_wconf 89' lang='lat' dir='ltr'>nelai</span> <span class='ocrx_word' id='word_1_74' title='bbox 296 772 316 797; x_wconf 90' lang='lat' dir='ltr'>a</span> <span class='ocrx_word' id='word_1_75' title='bbox 347 758 484 798; x_wconf 88' lang='lat' dir='ltr'>Paride</span> <span class='ocrx_word' id='word_1_76' title='bbox 516 765 647 811; x_wconf 86' lang='lat' dir='ltr'>raptae</span> <span class='ocrx_word' id='word_1_77' title='bbox 677 759 831 799; x_wconf 88' lang='lat' dir='ltr'>animos</span> <span class='ocrx_word' id='word_1_78' title='bbox 862 767 1118 812; x_wconf 83' lang='lat' dir='ltr'>occupassent</span> <span class='ocrx_word' id='word_1_79' title='bbox 1147 766 1186 799; x_wconf 88' lang='lat' dir='ltr'>et</span> <span class='ocrx_word' id='word_1_80' title='bbox 1216 760 1261 797; x_wconf 91' lang='lat' dir='ltr'>de</span> <span class='ocrx_word' id='word_1_81' title='bbox 1292 759 1431 798; x_wconf 89' lang='lat' dir='ltr'>iniuria</span> <span class='ocrx_word' id='word_1_82' title='bbox 1462 772 1483 797; x_wconf 93' lang='lat' dir='ltr'>a</span> <span class='ocrx_word' id='word_1_83' title='bbox 1510 757 1687 796; x_wconf 89' lang='lat' dir='ltr'>Troianis</span> 
     </span>
     <span class='ocr_line' id='line_1_10' title="bbox 167 824 1686 877; baseline -0.001 -13"><span class='ocrx_word' id='word_1_84' title='bbox 167 826 346 864; x_wconf 80' lang='lat' dir='ltr'>Graeciae</span> <span class='ocrx_word' id='word_1_85' title='bbox 377 825 480 865; x_wconf 86' lang='lat' dir='ltr'>illata</span> <span class='ocrx_word' id='word_1_86' title='bbox 510 833 549 865; x_wconf 92' lang='lat' dir='ltr'>et</span> <span class='ocrx_word' id='word_1_87' title='bbox 580 826 688 865; x_wconf 92' lang='lat' dir='ltr'>omni</span> <span class='ocrx_word' id='word_1_88' title='bbox 718 827 835 865; x_wconf 90' lang='lat' dir='ltr'>modo</span> <span class='ocrx_word' id='word_1_89' title='bbox 866 827 1093 867; x_wconf 90' lang='lat' dir='ltr'>vindicanda</span> <span class='ocrx_word' id='word_1_90' title='bbox 1124 838 1358 877; x_wconf 90' lang='lat' dir='ltr'>summoque</span> <span class='ocrx_word' id='word_1_91' title='bbox 1381 826 1463 865; x_wconf 92' lang='lat' dir='ltr'>iure</span> <span class='ocrx_word' id='word_1_92' title='bbox 1495 824 1686 864; x_wconf 89' lang='lat' dir='ltr'>vindicato</span> 
     </span>
     <span class='ocr_line' id='line_1_11' title="bbox 164 892 1687 946; baseline -0.001 -15"><span class='ocrx_word' id='word_1_93' title='bbox 164 906 280 931; x_wconf 85' lang='lat' dir='ltr'>nemo</span> <span class='ocrx_word' id='word_1_94' title='bbox 311 893 539 940; x_wconf 83' lang='lat' dir='ltr'>dubitasset,</span> <span class='ocrx_word' id='word_1_95' title='bbox 585 894 670 933; x_wconf 87' lang='lat' dir='ltr'>talis</span> <span class='ocrx_word' id='word_1_96' title='bbox 702 895 894 934; x_wconf 90' lang='lat' dir='ltr'>sententia</span> <span class='ocrx_word' id='word_1_97' title='bbox 925 895 1049 946; x_wconf 90' lang='lat' dir='ltr'>qualis</span> <span class='ocrx_word' id='word_1_98' title='bbox 1081 895 1144 934; x_wconf 90' lang='lat' dir='ltr'>illa</span> <span class='ocrx_word' id='word_1_99' title='bbox 1175 900 1234 933; x_wconf 91' lang='lat' dir='ltr'>est</span> <span class='ocrx_word' id='word_1_100' title='bbox 1265 894 1311 932; x_wconf 90' lang='lat' dir='ltr'>de</span> <span class='ocrx_word' id='word_1_101' title='bbox 1341 904 1548 943; x_wconf 89' lang='lat' dir='ltr'>procorum</span> <span class='ocrx_word' id='word_1_102' title='bbox 1581 892 1687 930; x_wconf 87' lang='lat' dir='ltr'>iure-</span> 
     </span>
     <span class='ocr_line' id='line_1_12' title="bbox 169 959 1686 1015; baseline -0.001 -16"><span class='ocrx_word' id='word_1_103' title='bbox 169 960 334 1000; x_wconf 86' lang='lat' dir='ltr'>iurando</span> <span class='ocrx_word' id='word_1_104' title='bbox 365 961 509 1000; x_wconf 89' lang='lat' dir='ltr'>nullius</span> <span class='ocrx_word' id='word_1_105' title='bbox 540 960 579 1000; x_wconf 93' lang='lat' dir='ltr'>in</span> <span class='ocrx_word' id='word_1_106' title='bbox 612 967 784 1000; x_wconf 87' lang='lat' dir='ltr'>mentem</span> <span class='ocrx_word' id='word_1_107' title='bbox 817 963 947 1002; x_wconf 89' lang='lat' dir='ltr'>venire</span> <span class='ocrx_word' id='word_1_108' title='bbox 970 968 1131 1015; x_wconf 88' lang='lat' dir='ltr'>poterat.</span> <span class='ocrx_word' id='word_1_109' title='bbox 1193 960 1413 1001; x_wconf 86' lang='lat' dir='ltr'>Stesichoro</span> <span class='ocrx_word' id='word_1_110' title='bbox 1444 965 1587 1006; x_wconf 91' lang='lat' dir='ltr'>autem,</span> <span class='ocrx_word' id='word_1_111' title='bbox 1619 959 1686 1011; x_wconf 90' lang='lat' dir='ltr'>qui</span> 
     </span>
     <span class='ocr_line' id='line_1_13' title="bbox 166 1028 1686 1082; baseline -0.001 -14"><span class='ocrx_word' id='word_1_112' title='bbox 166 1030 336 1068; x_wconf 87' lang='lat' dir='ltr'>maxime</span> <span class='ocrx_word' id='word_1_113' title='bbox 360 1029 546 1068; x_wconf 87' lang='lat' dir='ltr'>muliebre</span> <span class='ocrx_word' id='word_1_114' title='bbox 566 1029 732 1068; x_wconf 88' lang='lat' dir='ltr'>Helenae</span> <span class='ocrx_word' id='word_1_115' title='bbox 749 1030 899 1069; x_wconf 85' lang='lat' dir='ltr'>facinus</span> <span class='ocrx_word' id='word_1_116' title='bbox 916 1031 1214 1082; x_wconf 84' lang='lat' dir='ltr'>perstringebat,</span> <span class='ocrx_word' id='word_1_117' title='bbox 1239 1041 1374 1081; x_wconf 83' lang='lat' dir='ltr'>parum</span> <span class='ocrx_word' id='word_1_118' title='bbox 1398 1028 1579 1067; x_wconf 89' lang='lat' dir='ltr'>credibile</span> <span class='ocrx_word' id='word_1_119' title='bbox 1601 1040 1686 1066; x_wconf 90' lang='lat' dir='ltr'>esse</span> 
     </span>
     <span class='ocr_line' id='line_1_14' title="bbox 166 1096 1687 1150; baseline 0 -15"><span class='ocrx_word' id='word_1_120' title='bbox 166 1103 330 1149; x_wconf 86' lang='lat' dir='ltr'>poterat,</span> <span class='ocrx_word' id='word_1_121' title='bbox 350 1097 399 1136; x_wconf 92' lang='lat' dir='ltr'>ob</span> <span class='ocrx_word' id='word_1_122' title='bbox 418 1110 535 1137; x_wconf 90' lang='lat' dir='ltr'>unam</span> <span class='ocrx_word' id='word_1_123' title='bbox 555 1110 717 1150; x_wconf 87' lang='lat' dir='ltr'>eamque</span> <span class='ocrx_word' id='word_1_124' title='bbox 734 1097 950 1150; x_wconf 88' lang='lat' dir='ltr'>improbam</span> <span class='ocrx_word' id='word_1_125' title='bbox 973 1098 1174 1138; x_wconf 89' lang='lat' dir='ltr'>mulierem</span> <span class='ocrx_word' id='word_1_126' title='bbox 1194 1103 1232 1137; x_wconf 89' lang='lat' dir='ltr'>et</span> <span class='ocrx_word' id='word_1_127' title='bbox 1249 1102 1399 1137; x_wconf 91' lang='lat' dir='ltr'>tantum</span> <span class='ocrx_word' id='word_1_128' title='bbox 1419 1096 1564 1136; x_wconf 91' lang='lat' dir='ltr'>bellum</span> <span class='ocrx_word' id='word_1_129' title='bbox 1575 1101 1613 1135; x_wconf 91' lang='lat' dir='ltr'>et</span> <span class='ocrx_word' id='word_1_130' title='bbox 1630 1101 1687 1135; x_wconf 90' lang='lat' dir='ltr'>tot</span> 
     </span>
     <span class='ocr_line' id='line_1_15' title="bbox 164 1165 1683 1218; baseline -0.001 -14"><span class='ocrx_word' id='word_1_131' title='bbox 164 1166 338 1205; x_wconf 88' lang='lat' dir='ltr'>virorum</span> <span class='ocrx_word' id='word_1_132' title='bbox 351 1166 553 1205; x_wconf 89' lang='lat' dir='ltr'>interitum</span> <span class='ocrx_word' id='word_1_133' title='bbox 568 1167 706 1218; x_wconf 87' lang='lat' dir='ltr'>parari.</span> <span class='ocrx_word' id='word_1_134' title='bbox 719 1167 825 1205; x_wconf 94' lang='lat' dir='ltr'>—In</span> <span class='ocrx_word' id='word_1_135' title='bbox 837 1168 966 1218; x_wconf 88' lang='lat' dir='ltr'>procis</span> <span class='ocrx_word' id='word_1_136' title='bbox 978 1168 1143 1207; x_wconf 86' lang='lat' dir='ltr'>Helenae</span> <span class='ocrx_word' id='word_1_137' title='bbox 1155 1166 1358 1218; x_wconf 87' lang='lat' dir='ltr'>Euripides</span> <span class='ocrx_word' id='word_1_138' title='bbox 1370 1165 1486 1204; x_wconf 88' lang='lat' dir='ltr'>etiam</span> <span class='ocrx_word' id='word_1_139' title='bbox 1498 1165 1683 1204; x_wconf 87' lang='lat' dir='ltr'>Achillem</span> 
     </span>
     <span class='ocr_line' id='line_1_16' title="bbox 166 1232 1684 1286; baseline 0 -15"><span class='ocrx_word' id='word_1_140' title='bbox 166 1232 283 1272; x_wconf 88' lang='lat' dir='ltr'>hahet</span> <span class='ocrx_word' id='word_1_141' title='bbox 305 1233 387 1272; x_wconf 89' lang='lat' dir='ltr'>Hel.</span> <span class='ocrx_word' id='word_1_142' title='bbox 412 1233 477 1273; x_wconf 84' lang='grc'>98.</span> <span class='ocrx_word' id='word_1_143' title='bbox 529 1233 640 1281; x_wconf 86' lang='lat' dir='ltr'>Quod</span> <span class='ocrx_word' id='word_1_144' title='bbox 672 1233 704 1273; x_wconf 92' lang='lat' dir='ltr'>si</span> <span class='ocrx_word' id='word_1_145' title='bbox 726 1239 859 1273; x_wconf 90' lang='lat' dir='ltr'>contra</span> <span class='ocrx_word' id='word_1_146' title='bbox 882 1234 1093 1274; x_wconf 84' lang='lat' dir='ltr'>Hesiodum</span> <span class='ocrx_word' id='word_1_147' title='bbox 1117 1235 1248 1286; x_wconf 87' lang='lat' dir='ltr'>(Paus.</span> <span class='ocrx_word' id='word_1_148' title='bbox 1271 1233 1322 1273; x_wconf 84' lang='lat'>111</span> <span class='ocrx_word' id='word_1_149' title='bbox 1352 1232 1418 1280; x_wconf 83' lang='lat'>24,</span> <span class='ocrx_word' id='word_1_150' title='bbox 1442 1233 1483 1279; x_wconf 88' lang='grc'>7)</span> <span class='ocrx_word' id='word_1_151' title='bbox 1515 1244 1684 1284; x_wconf 90' lang='lat' dir='ltr'>quocum</span> 
     </span>
     <span class='ocr_line' id='line_1_17' title="bbox 165 1300 1685 1354; baseline -0.001 -15"><span class='ocrx_word' id='word_1_152' title='bbox 165 1301 363 1340; x_wconf 86' lang='lat' dir='ltr'>consentit</span> <span class='ocrx_word' id='word_1_153' title='bbox 392 1302 662 1353; x_wconf 90' lang='lat' dir='ltr'>Apollodorus,</span> <span class='ocrx_word' id='word_1_154' title='bbox 707 1308 783 1341; x_wconf 90' lang='lat' dir='ltr'>tam</span> <span class='ocrx_word' id='word_1_155' title='bbox 818 1302 962 1341; x_wconf 87' lang='lat' dir='ltr'>diserte</span> <span class='ocrx_word' id='word_1_156' title='bbox 992 1303 1240 1354; x_wconf 89' lang='lat' dir='ltr'>proloquitur</span> <span class='ocrx_word' id='word_1_157' title='bbox 1270 1300 1485 1353; x_wconf 86' lang='lat' dir='ltr'>Euripides,</span> <span class='ocrx_word' id='word_1_158' title='bbox 1517 1300 1685 1339; x_wconf 92' lang='lat' dir='ltr'>dubitari</span> 
     </span>
     <span class='ocr_line' id='line_1_18' title="bbox 165 1367 1686 1421; baseline -0.001 -15"><span class='ocrx_word' id='word_1_159' title='bbox 165 1368 311 1419; x_wconf 90' lang='lat' dir='ltr'>nequit,</span> <span class='ocrx_word' id='word_1_160' title='bbox 352 1369 446 1419; x_wconf 90' lang='lat' dir='ltr'>quin</span> <span class='ocrx_word' id='word_1_161' title='bbox 487 1369 525 1407; x_wconf 93' lang='lat' dir='ltr'>in</span> <span class='ocrx_word' id='word_1_162' title='bbox 560 1369 782 1408; x_wconf 90' lang='lat' dir='ltr'>Stesichoro</span> <span class='ocrx_word' id='word_1_163' title='bbox 812 1369 968 1420; x_wconf 88' lang='lat' dir='ltr'>legerit;</span> <span class='ocrx_word' id='word_1_164' title='bbox 1005 1370 1148 1408; x_wconf 92' lang='lat' dir='ltr'>etenim</span> <span class='ocrx_word' id='word_1_165' title='bbox 1181 1375 1334 1421; x_wconf 85' lang='lat' dir='ltr'>praeter</span> <span class='ocrx_word' id='word_1_166' title='bbox 1365 1367 1587 1419; x_wconf 88' lang='lat' dir='ltr'>Euripidem</span> <span class='ocrx_word' id='word_1_167' title='bbox 1620 1368 1686 1418; x_wconf 91' lang='lat' dir='ltr'>qui</span> 
     </span>
     <span class='ocr_line' id='line_1_19' title="bbox 164 1435 1686 1489; baseline 0 -15"><span class='ocrx_word' id='word_1_168' title='bbox 164 1435 202 1474; x_wconf 93' lang='lat' dir='ltr'>id</span> <span class='ocrx_word' id='word_1_169' title='bbox 232 1437 385 1483; x_wconf 73' lang='lat' dir='ltr'>referat,</span> <span class='ocrx_word' id='word_1_170' title='bbox 419 1436 540 1476; x_wconf 89' lang='lat' dir='ltr'>habeo</span> <span class='ocrx_word' id='word_1_171' title='bbox 562 1436 728 1477; x_wconf 88' lang='lat' dir='ltr'>nullum.</span> <span class='ocrx_word' id='word_1_172' title='bbox 789 1436 1074 1489; x_wconf 89' lang='lat' dir='ltr'>Comprobatur</span> <span class='ocrx_word' id='word_1_173' title='bbox 1094 1437 1132 1476; x_wconf 94' lang='lat' dir='ltr'>id</span> <span class='ocrx_word' id='word_1_174' title='bbox 1154 1437 1364 1476; x_wconf 86' lang='lat' dir='ltr'>domestica</span> <span class='ocrx_word' id='word_1_175' title='bbox 1387 1435 1686 1476; x_wconf 91' lang='lat' dir='ltr'>Lacedaemoni-</span> 
     </span>
     <span class='ocr_line' id='line_1_20' title="bbox 165 1503 1687 1557; baseline -0.001 -15"><span class='ocrx_word' id='word_1_176' title='bbox 165 1516 278 1542; x_wconf 90' lang='lat' dir='ltr'>orum</span> <span class='ocrx_word' id='word_1_177' title='bbox 319 1504 506 1543; x_wconf 87' lang='lat' dir='ltr'>memoria</span> <span class='ocrx_word' id='word_1_178' title='bbox 544 1504 674 1551; x_wconf 72' lang='lat' dir='ltr'>(Paus.</span> <span class='ocrx_word' id='word_1_179' title='bbox 713 1506 738 1543; x_wconf 95' lang='lat' dir='ltr'>l.</span> <span class='ocrx_word' id='word_1_180' title='bbox 771 1506 834 1552; x_wconf 90' lang='lat' dir='ltr'>c.)‚</span> <span class='ocrx_word' id='word_1_181' title='bbox 873 1506 934 1543; x_wconf 94' lang='lat' dir='ltr'>cui</span> <span class='ocrx_word' id='word_1_182' title='bbox 976 1505 1120 1544; x_wconf 93' lang='lat' dir='ltr'>nullius</span> <span class='ocrx_word' id='word_1_183' title='bbox 1158 1505 1285 1557; x_wconf 90' lang='lat' dir='ltr'>poesis</span> <span class='ocrx_word' id='word_1_184' title='bbox 1322 1503 1577 1556; x_wconf 89' lang='lat' dir='ltr'>propinquior</span> <span class='ocrx_word' id='word_1_185' title='bbox 1615 1503 1687 1542; x_wconf 83' lang='lat' dir='ltr'>tuit</span> 
     </span>
     <span class='ocr_line' id='line_1_21' title="bbox 166 1572 1685 1625; baseline 0 -15"><span class='ocrx_word' id='word_1_186' title='bbox 166 1583 281 1622; x_wconf 90' lang='lat' dir='ltr'>quam</span> <span class='ocrx_word' id='word_1_187' title='bbox 315 1572 537 1611; x_wconf 88' lang='lat' dir='ltr'>Stesichori.</span> <span class='ocrx_word' id='word_1_188' title='bbox 598 1572 730 1612; x_wconf 90' lang='lat' dir='ltr'>Possis</span> <span class='ocrx_word' id='word_1_189' title='bbox 768 1572 958 1625; x_wconf 88' lang='lat' dir='ltr'>suspicari</span> <span class='ocrx_word' id='word_1_190' title='bbox 989 1597 1043 1600; x_wconf 81' lang='lat'><strong>—</strong></span> <span class='ocrx_word' id='word_1_191' title='bbox 1073 1573 1176 1624; x_wconf 91' lang='lat' dir='ltr'>quod</span> <span class='ocrx_word' id='word_1_192' title='bbox 1209 1572 1364 1623; x_wconf 91' lang='lat' dir='ltr'>quidem</span> <span class='ocrx_word' id='word_1_193' title='bbox 1396 1572 1587 1611; x_wconf 90' lang='lat' dir='ltr'>incertum</span> <span class='ocrx_word' id='word_1_194' title='bbox 1620 1595 1685 1617; x_wconf 71' lang='grc'>--,</span> 
     </span>
     <span class='ocr_line' id='line_1_22' title="bbox 164 1638 1685 1691; baseline 0.001 -14"><span class='ocrx_word' id='word_1_195' title='bbox 164 1638 350 1678; x_wconf 87' lang='lat' dir='ltr'>Achillem</span> <span class='ocrx_word' id='word_1_196' title='bbox 383 1646 421 1678; x_wconf 92' lang='lat' dir='ltr'>et</span> <span class='ocrx_word' id='word_1_197' title='bbox 443 1639 626 1679; x_wconf 90' lang='lat' dir='ltr'>Helenam</span> <span class='ocrx_word' id='word_1_198' title='bbox 658 1639 843 1679; x_wconf 89' lang='lat' dir='ltr'>interiore</span> <span class='ocrx_word' id='word_1_199' title='bbox 874 1640 1003 1691; x_wconf 88' lang='lat' dir='ltr'>aliquo</span> <span class='ocrx_word' id='word_1_200' title='bbox 1026 1640 1178 1680; x_wconf 90' lang='lat' dir='ltr'>vinculo</span> <span class='ocrx_word' id='word_1_201' title='bbox 1200 1641 1390 1680; x_wconf 81' lang='lat' dir='ltr'>contineri</span> <span class='ocrx_word' id='word_1_202' title='bbox 1412 1640 1477 1691; x_wconf 84' lang='lat' dir='ltr'>(cf.</span> <span class='ocrx_word' id='word_1_203' title='bbox 1500 1639 1685 1678; x_wconf 85' lang='lat' dir='ltr'>Philostr.</span> 
     </span>
     <span class='ocr_line' id='line_1_23' title="bbox 165 1706 1688 1759; baseline 0 -14"><span class='ocrx_word' id='word_1_204' title='bbox 165 1706 254 1745; x_wconf 90' lang='lat' dir='ltr'>Her.</span> <span class='ocrx_word' id='word_1_205' title='bbox 282 1721 319 1758; x_wconf 91' lang='lat' dir='ltr'>p.</span> <span class='ocrx_word' id='word_1_206' title='bbox 343 1707 454 1757; x_wconf 81' lang='lat'>327),</span> <span class='ocrx_word' id='word_1_207' title='bbox 486 1720 603 1758; x_wconf 90' lang='lat' dir='ltr'>quam</span> <span class='ocrx_word' id='word_1_208' title='bbox 636 1708 807 1746; x_wconf 89' lang='lat' dir='ltr'>creditur</span> <span class='ocrx_word' id='word_1_209' title='bbox 837 1708 1145 1759; x_wconf 77' lang='lat' dir='ltr'>plerumque²⁵)‚</span> <span class='ocrx_word' id='word_1_210' title='bbox 1184 1715 1223 1747; x_wconf 85' lang='lat' dir='ltr'>et</span> <span class='ocrx_word' id='word_1_211' title='bbox 1253 1708 1477 1759; x_wconf 89' lang='lat' dir='ltr'>Euripidem</span> <span class='ocrx_word' id='word_1_212' title='bbox 1509 1709 1577 1758; x_wconf 93' lang='lat' dir='ltr'>qui</span> <span class='ocrx_word' id='word_1_213' title='bbox 1618 1720 1688 1758; x_wconf 87' lang='lat' dir='ltr'>par</span> 
     </span>
     <span class='ocr_line' id='line_1_24' title="bbox 164 1773 1685 1827; baseline 0.001 -15"><span class='ocrx_word' id='word_1_214' title='bbox 164 1773 259 1812; x_wconf 88' lang='lat' dir='ltr'>illud</span> <span class='ocrx_word' id='word_1_215' title='bbox 310 1774 438 1813; x_wconf 83' lang='lat' dir='ltr'>nobile</span> <span class='ocrx_word' id='word_1_216' title='bbox 489 1775 672 1827; x_wconf 85' lang='lat' dir='ltr'>peculiari</span> <span class='ocrx_word' id='word_1_217' title='bbox 723 1775 872 1815; x_wconf 90' lang='lat' dir='ltr'>cantico</span> <span class='ocrx_word' id='word_1_218' title='bbox 923 1776 978 1814; x_wconf 89' lang='lat' dir='ltr'>El.</span> <span class='ocrx_word' id='word_1_219' title='bbox 1022 1775 1102 1814; x_wconf 85' lang='lat'>432</span> <span class='ocrx_word' id='word_1_220' title='bbox 1115 1798 1163 1802; x_wconf 98' lang='lat'>——</span> <span class='ocrx_word' id='word_1_221' title='bbox 1175 1775 1255 1815; x_wconf 88' lang='grc'>486</span> <span class='ocrx_word' id='word_1_222' title='bbox 1305 1776 1408 1815; x_wconf 90' lang='lat' dir='ltr'>canit</span> <span class='ocrx_word' id='word_1_223' title='bbox 1457 1774 1685 1814; x_wconf 90' lang='lat' dir='ltr'>veteriorem</span> 
     </span>
     <span class='ocr_line' id='line_1_25' title="bbox 167 1841 1685 1895; baseline 0.001 -16"><span class='ocrx_word' id='word_1_224' title='bbox 167 1841 333 1880; x_wconf 83' lang='lat' dir='ltr'>tabulam</span> <span class='ocrx_word' id='word_1_225' title='bbox 377 1842 564 1890; x_wconf 81' lang='lat' dir='ltr'>recolere3</span> <span class='ocrx_word' id='word_1_226' title='bbox 601 1856 698 1894; x_wconf 93' lang='lat' dir='ltr'>quae</span> <span class='ocrx_word' id='word_1_227' title='bbox 736 1844 810 1883; x_wconf 87' lang='lat' dir='ltr'>iam</span> <span class='ocrx_word' id='word_1_228' title='bbox 844 1844 1016 1895; x_wconf 89' lang='lat' dir='ltr'>paullum</span> <span class='ocrx_word' id='word_1_229' title='bbox 1050 1849 1257 1882; x_wconf 84' lang='lat' dir='ltr'>evanuerat</span> <span class='ocrx_word' id='word_1_230' title='bbox 1286 1843 1324 1882; x_wconf 92' lang='lat' dir='ltr'>in</span> <span class='ocrx_word' id='word_1_231' title='bbox 1358 1856 1400 1882; x_wconf 90' lang='lat' dir='ltr'>ea</span> <span class='ocrx_word' id='word_1_232' title='bbox 1432 1843 1587 1893; x_wconf 85' lang='lat' dir='ltr'>regione</span> <span class='ocrx_word' id='word_1_233' title='bbox 1620 1843 1685 1881; x_wconf 93' lang='lat' dir='ltr'>ubi</span> 
     </span>
     <span class='ocr_line' id='line_1_26' title="bbox 166 1908 1685 1962; baseline 0.001 -15"><span class='ocrx_word' id='word_1_234' title='bbox 166 1908 346 1948; x_wconf 89' lang='lat' dir='ltr'>Stasinus</span> <span class='ocrx_word' id='word_1_235' title='bbox 379 1909 514 1961; x_wconf 85' lang='lat' dir='ltr'>Cypria</span> <span class='ocrx_word' id='word_1_236' title='bbox 554 1923 623 1949; x_wconf 88' lang='lat' dir='ltr'>sua</span> <span class='ocrx_word' id='word_1_237' title='bbox 662 1912 833 1951; x_wconf 89' lang='lat' dir='ltr'>carmina</span> <span class='ocrx_word' id='word_1_238' title='bbox 871 1911 1055 1957; x_wconf 87' lang='lat' dir='ltr'>condidit,</span> <span class='ocrx_word' id='word_1_239' title='bbox 1096 1910 1237 1962; x_wconf 91' lang='lat' dir='ltr'>quippe</span> <span class='ocrx_word' id='word_1_240' title='bbox 1279 1910 1343 1961; x_wconf 88' lang='lat' dir='ltr'>qui</span> <span class='ocrx_word' id='word_1_241' title='bbox 1385 1911 1501 1949; x_wconf 93' lang='lat' dir='ltr'>modo</span> <span class='ocrx_word' id='word_1_242' title='bbox 1538 1910 1685 1949; x_wconf 88' lang='lat' dir='ltr'>visendi</span> 
     </span>
     <span class='ocr_line' id='line_1_27' title="bbox 165 1976 1683 2031; baseline 0.001 -17"><span class='ocrx_word' id='word_1_243' title='bbox 165 1989 279 2015; x_wconf 85' lang='lat' dir='ltr'>causa</span> <span class='ocrx_word' id='word_1_244' title='bbox 296 1976 482 2016; x_wconf 82' lang='lat' dir='ltr'>Achillem</span> <span class='ocrx_word' id='word_1_245' title='bbox 505 1985 704 2030; x_wconf 91' lang='lat' dir='ltr'>aspectum</span> <span class='ocrx_word' id='word_1_246' title='bbox 724 1980 889 2018; x_wconf 85' lang='lat' dir='ltr'>Helenae</span> <span class='ocrx_word' id='word_1_247' title='bbox 911 1979 1132 2031; x_wconf 90' lang='lat' dir='ltr'>cupientem</span> <span class='ocrx_word' id='word_1_248' title='bbox 1154 1978 1317 2017; x_wconf 89' lang='lat' dir='ltr'>conduci</span> <span class='ocrx_word' id='word_1_249' title='bbox 1333 1991 1422 2017; x_wconf 91' lang='lat' dir='ltr'>cum</span> <span class='ocrx_word' id='word_1_250' title='bbox 1440 1978 1502 2017; x_wconf 84' lang='lat' dir='ltr'>illa</span> <span class='ocrx_word' id='word_1_251' title='bbox 1520 1978 1683 2017; x_wconf 84' lang='lat' dir='ltr'>fecisset.</span> 
     </span>
    </p>

    <p class='ocr_par' dir='ltr' id='par_1_3' title="bbox 159 2043 1686 2705">
     <span class='ocr_line' id='line_1_28' title="bbox 276 2043 1686 2096; baseline 0.001 -14"><span class='ocrx_word' id='word_1_252' title='bbox 276 2043 400 2082; x_wconf 89' lang='lat' dir='ltr'>Unam</span> <span class='ocrx_word' id='word_1_253' title='bbox 423 2044 720 2096; x_wconf 79' lang='lat' dir='ltr'>discrepantiam</span> <span class='ocrx_word' id='word_1_254' title='bbox 753 2047 919 2086; x_wconf 81' lang='lat' dir='ltr'>sontium</span> <span class='ocrx_word' id='word_1_255' title='bbox 953 2046 1115 2090; x_wconf 84' lang='lat' dir='ltr'>adnoto;</span> <span class='ocrx_word' id='word_1_256' title='bbox 1146 2058 1224 2083; x_wconf 90' lang='lat' dir='ltr'>non</span> <span class='ocrx_word' id='word_1_257' title='bbox 1256 2045 1341 2084; x_wconf 92' lang='lat' dir='ltr'>dico</span> <span class='ocrx_word' id='word_1_258' title='bbox 1372 2057 1579 2096; x_wconf 87' lang='lat' dir='ltr'>procorum</span> <span class='ocrx_word' id='word_1_259' title='bbox 1610 2058 1686 2083; x_wconf 91' lang='lat' dir='ltr'>no-</span> 
     </span>
     <span class='ocr_line' id='line_1_29' title="bbox 164 2111 1685 2166; baseline 0.001 -17"><span class='ocrx_word' id='word_1_260' title='bbox 164 2111 267 2150; x_wconf 89' lang='lat' dir='ltr'>mina</span> <span class='ocrx_word' id='word_1_261' title='bbox 298 2125 396 2163; x_wconf 90' lang='lat' dir='ltr'>quae</span> <span class='ocrx_word' id='word_1_262' title='bbox 427 2119 520 2151; x_wconf 92' lang='lat' dir='ltr'>sunt</span> <span class='ocrx_word' id='word_1_263' title='bbox 542 2113 618 2152; x_wconf 89' lang='lat' dir='ltr'>duo</span> <span class='ocrx_word' id='word_1_264' title='bbox 640 2120 678 2153; x_wconf 86' lang='lat' dir='ltr'>et</span> <span class='ocrx_word' id='word_1_265' title='bbox 700 2114 856 2164; x_wconf 87' lang='lat' dir='ltr'>triginta</span> <span class='ocrx_word' id='word_1_266' title='bbox 878 2115 980 2166; x_wconf 88' lang='lat' dir='ltr'>apud</span> <span class='ocrx_word' id='word_1_267' title='bbox 1002 2113 1291 2165; x_wconf 76' lang='lat' dir='ltr'>Apollodorum.</span> <span class='ocrx_word' id='word_1_268' title='bbox 1322 2125 1488 2163; x_wconf 89' lang='lat' dir='ltr'>quorum</span> <span class='ocrx_word' id='word_1_269' title='bbox 1512 2113 1685 2164; x_wconf 91' lang='lat' dir='ltr'>quinque</span> 
     </span>
     <span class='ocr_line' id='line_1_30' title="bbox 161 2178 1686 2231; baseline 0.001 -15"><span class='ocrx_word' id='word_1_270' title='bbox 161 2185 199 2217; x_wconf 92' lang='lat' dir='ltr'>et</span> <span class='ocrx_word' id='word_1_271' title='bbox 237 2178 372 2229; x_wconf 87' lang='lat' dir='ltr'>viginti</span> <span class='ocrx_word' id='word_1_272' title='bbox 409 2180 510 2230; x_wconf 89' lang='lat' dir='ltr'>apud</span> <span class='ocrx_word' id='word_1_273' title='bbox 551 2180 743 2231; x_wconf 77' lang='lat' dir='ltr'>Hyginum</span> <span class='ocrx_word' id='word_1_274' title='bbox 782 2187 1009 2227; x_wconf 79' lang='lat' dir='ltr'>recurrunt3</span> <span class='ocrx_word' id='word_1_275' title='bbox 1051 2180 1116 2219; x_wconf 89' lang='lat' dir='ltr'>sed</span> <span class='ocrx_word' id='word_1_276' title='bbox 1153 2180 1248 2218; x_wconf 89' lang='lat' dir='ltr'>illud</span> <span class='ocrx_word' id='word_1_277' title='bbox 1287 2180 1429 2231; x_wconf 92' lang='lat' dir='ltr'>potius,</span> <span class='ocrx_word' id='word_1_278' title='bbox 1468 2180 1570 2231; x_wconf 92' lang='lat' dir='ltr'>quod</span> <span class='ocrx_word' id='word_1_279' title='bbox 1609 2179 1686 2218; x_wconf 89' lang='lat' dir='ltr'>doli</span> 
     </span>
     <span class='ocr_line' id='line_1_31' title="bbox 161 2247 1685 2300; baseline 0.001 -16"><span class='ocrx_word' id='word_1_280' title='bbox 161 2251 358 2285; x_wconf 86' lang='lat' dir='ltr'>auctorem</span> <span class='ocrx_word' id='word_1_281' title='bbox 382 2247 536 2298; x_wconf 88' lang='lat' dir='ltr'>partim,</span> <span class='ocrx_word' id='word_1_282' title='bbox 568 2248 672 2298; x_wconf 89' lang='lat' dir='ltr'>quod</span> <span class='ocrx_word' id='word_1_283' title='bbox 695 2248 1029 2300; x_wconf 90' lang='lat' dir='ltr'>simplicissimum</span> <span class='ocrx_word' id='word_1_284' title='bbox 1052 2254 1124 2294; x_wconf 90' lang='lat' dir='ltr'>est,</span> <span class='ocrx_word' id='word_1_285' title='bbox 1151 2247 1397 2299; x_wconf 83' lang='lat' dir='ltr'>Tyndareum</span> <span class='ocrx_word' id='word_1_286' title='bbox 1420 2248 1563 2299; x_wconf 90' lang='lat' dir='ltr'>ipsum,</span> <span class='ocrx_word' id='word_1_287' title='bbox 1595 2260 1685 2299; x_wconf 92' lang='lat' dir='ltr'>par-</span> 
     </span>
     <span class='ocr_line' id='line_1_32' title="bbox 161 2312 1683 2367; baseline 0.001 -16"><span class='ocrx_word' id='word_1_288' title='bbox 161 2312 231 2351; x_wconf 89' lang='lat' dir='ltr'>tim</span> <span class='ocrx_word' id='word_1_289' title='bbox 259 2313 405 2351; x_wconf 82' lang='lat' dir='ltr'>L&#39;lixem</span> <span class='ocrx_word' id='word_1_290' title='bbox 439 2315 635 2353; x_wconf 84' lang='lat' dir='ltr'>exhibent.</span> <span class='ocrx_word' id='word_1_291' title='bbox 696 2316 754 2353; x_wconf 90' lang='lat' dir='ltr'>Ab</span> <span class='ocrx_word' id='word_1_292' title='bbox 784 2316 845 2354; x_wconf 90' lang='lat' dir='ltr'>illa</span> <span class='ocrx_word' id='word_1_293' title='bbox 872 2322 981 2367; x_wconf 87' lang='lat' dir='ltr'>parte</span> <span class='ocrx_word' id='word_1_294' title='bbox 1011 2321 1116 2354; x_wconf 90' lang='lat' dir='ltr'>stant</span> <span class='ocrx_word' id='word_1_295' title='bbox 1136 2320 1289 2366; x_wconf 86' lang='lat' dir='ltr'>praeter</span> <span class='ocrx_word' id='word_1_296' title='bbox 1309 2315 1532 2367; x_wconf 91' lang='lat' dir='ltr'>Euripidem</span> <span class='ocrx_word' id='word_1_297' title='bbox 1555 2315 1683 2366; x_wconf 91' lang='lat' dir='ltr'>ipsum</span> 
     </span>
     <span class='ocr_line' id='line_1_33' title="bbox 161 2381 1684 2433; baseline 0.002 -14"><span class='ocrx_word' id='word_1_298' title='bbox 161 2381 281 2420; x_wconf 89' lang='lat' dir='ltr'>schol.</span> <span class='ocrx_word' id='word_1_299' title='bbox 307 2381 419 2420; x_wconf 88' lang='lat' dir='ltr'>Laur.</span> <span class='ocrx_word' id='word_1_300' title='bbox 445 2382 562 2433; x_wconf 88' lang='lat' dir='ltr'>Soph.</span> <span class='ocrx_word' id='word_1_301' title='bbox 585 2382 642 2421; x_wconf 93' lang='lat' dir='ltr'>Ai.</span> <span class='ocrx_word' id='word_1_302' title='bbox 665 2383 783 2422; x_wconf 86' lang='lat'>1113.</span> <span class='ocrx_word' id='word_1_303' title='bbox 818 2384 1001 2433; x_wconf 89' lang='lat' dir='ltr'>[Lucian.]</span> <span class='ocrx_word' id='word_1_304' title='bbox 1022 2383 1239 2423; x_wconf 89' lang='lat' dir='ltr'>Charidem.</span> <span class='ocrx_word' id='word_1_305' title='bbox 1261 2384 1324 2421; x_wconf 88' lang='lat'>17.</span> <span class='ocrx_word' id='word_1_306' title='bbox 1356 2383 1469 2422; x_wconf 85' lang='lat' dir='ltr'>Pans.</span> <span class='ocrx_word' id='word_1_307' title='bbox 1492 2384 1684 2430; x_wconf 80' lang='lat'>11120‚9;</span> 
     </span>
     <span class='ocr_line' id='line_1_34' title="bbox 159 2449 1683 2501; baseline 0.002 -16"><span class='ocrx_word' id='word_1_308' title='bbox 159 2455 292 2486; x_wconf 85' lang='lat' dir='ltr'>contra</span> <span class='ocrx_word' id='word_1_309' title='bbox 329 2449 476 2487; x_wconf 83' lang='lat' dir='ltr'>Ulixem</span> <span class='ocrx_word' id='word_1_310' title='bbox 516 2449 662 2487; x_wconf 89' lang='lat' dir='ltr'>addunt</span> <span class='ocrx_word' id='word_1_311' title='bbox 692 2450 961 2500; x_wconf 89' lang='lat' dir='ltr'>Apollodorus,</span> <span class='ocrx_word' id='word_1_312' title='bbox 1001 2450 1186 2501; x_wconf 78' lang='lat' dir='ltr'>Hyginus,</span> <span class='ocrx_word' id='word_1_313' title='bbox 1227 2450 1411 2489; x_wconf 91' lang='lat' dir='ltr'>Libanius</span> <span class='ocrx_word' id='word_1_314' title='bbox 1451 2452 1552 2489; x_wconf 89' lang='lat' dir='ltr'>laud.</span> <span class='ocrx_word' id='word_1_315' title='bbox 1587 2451 1683 2489; x_wconf 87' lang='lat' dir='ltr'>Ulix.</span> 
     </span>
     <span class='ocr_line' id='line_1_35' title="bbox 160 2514 1683 2569; baseline 0.002 -17"><span class='ocrx_word' id='word_1_316' title='bbox 160 2514 287 2562; x_wconf 58' lang='lat' dir='ltr'>(Tom.</span> <span class='ocrx_word' id='word_1_317' title='bbox 314 2515 357 2554; x_wconf 83' lang='lat' dir='ltr'>tv</span> <span class='ocrx_word' id='word_1_318' title='bbox 381 2528 416 2567; x_wconf 90' lang='lat' dir='ltr'>p.</span> <span class='ocrx_word' id='word_1_319' title='bbox 442 2515 593 2562; x_wconf 78' lang='lat'>925,20</span> <span class='ocrx_word' id='word_1_320' title='bbox 615 2516 784 2565; x_wconf 85' lang='lat' dir='ltr'>Reiske)‚</span> <span class='ocrx_word' id='word_1_321' title='bbox 818 2518 983 2569; x_wconf 90' lang='lat' dir='ltr'>denique</span> <span class='ocrx_word' id='word_1_322' title='bbox 1017 2517 1183 2568; x_wconf 86' lang='lat' dir='ltr'>tragicus</span> <span class='ocrx_word' id='word_1_323' title='bbox 1205 2524 1316 2569; x_wconf 89' lang='lat' dir='ltr'>poeta</span> <span class='ocrx_word' id='word_1_324' title='bbox 1342 2517 1503 2557; x_wconf 87' lang='lat' dir='ltr'>Latinus</span> <span class='ocrx_word' id='word_1_325' title='bbox 1523 2531 1584 2569; x_wconf 91' lang='lat' dir='ltr'>ap.</span> <span class='ocrx_word' id='word_1_326' title='bbox 1607 2517 1683 2556; x_wconf 92' lang='lat' dir='ltr'>Cic.</span> 
     </span>
     <span class='ocr_line' id='line_1_36' title="bbox 161 2581 1683 2635; baseline 0.002 -15"><span class='ocrx_word' id='word_1_327' title='bbox 161 2581 396 2628; x_wconf 65' lang='lat'>011211126,</span> <span class='ocrx_word' id='word_1_328' title='bbox 416 2582 480 2622; x_wconf 85' lang='grc'>98.</span> <span class='ocrx_word' id='word_1_329' title='bbox 543 2583 682 2622; x_wconf 89' lang='lat' dir='ltr'>Utrum</span> <span class='ocrx_word' id='word_1_330' title='bbox 707 2584 917 2623; x_wconf 86' lang='lat' dir='ltr'>Stesichori</span> <span class='ocrx_word' id='word_1_331' title='bbox 950 2585 1000 2624; x_wconf 89' lang='lat' dir='ltr'>sit</span> <span class='ocrx_word' id='word_1_332' title='bbox 1030 2585 1062 2624; x_wconf 88' lang='lat' dir='ltr'>si</span> <span class='ocrx_word' id='word_1_333' title='bbox 1093 2585 1314 2631; x_wconf 87' lang='lat' dir='ltr'>sciscitaris,</span> <span class='ocrx_word' id='word_1_334' title='bbox 1346 2585 1553 2625; x_wconf 89' lang='lat' dir='ltr'>discrimen</span> <span class='ocrx_word' id='word_1_335' title='bbox 1585 2597 1683 2635; x_wconf 91' lang='lat' dir='ltr'>quo-</span> 
     </span>
     <span class='ocr_line' id='line_1_37' title="bbox 159 2649 1685 2705; baseline 0.002 -18"><span class='ocrx_word' id='word_1_336' title='bbox 159 2649 369 2688; x_wconf 90' lang='lat' dir='ltr'>dammodo</span> <span class='ocrx_word' id='word_1_337' title='bbox 386 2650 556 2701; x_wconf 87' lang='lat' dir='ltr'>positum</span> <span class='ocrx_word' id='word_1_338' title='bbox 581 2658 640 2691; x_wconf 92' lang='lat' dir='ltr'>est</span> <span class='ocrx_word' id='word_1_339' title='bbox 659 2651 698 2691; x_wconf 90' lang='lat' dir='ltr'>in</span> <span class='ocrx_word' id='word_1_340' title='bbox 720 2653 912 2704; x_wconf 84' lang='lat' dir='ltr'>tragoedia</span> <span class='ocrx_word' id='word_1_341' title='bbox 931 2652 1140 2701; x_wconf 58' lang='lat' dir='ltr'>Latinaw).</span> <span class='ocrx_word' id='word_1_342' title='bbox 1180 2653 1320 2694; x_wconf 88' lang='lat' dir='ltr'>Versus</span> <span class='ocrx_word' id='word_1_343' title='bbox 1338 2653 1383 2693; x_wconf 89' lang='lat' dir='ltr'>de</span> <span class='ocrx_word' id='word_1_344' title='bbox 1401 2653 1541 2705; x_wconf 91' lang='lat' dir='ltr'>quibus</span> <span class='ocrx_word' id='word_1_345' title='bbox 1558 2652 1685 2703; x_wconf 89' lang='lat' dir='ltr'>agitur</span> 
     </span>
    </p>
   </div>
   <div class='ocr_carea' id='block_1_3' title="bbox 159 2753 1684 2911">
    <p class='ocr_par' dir='ltr' id='par_1_4' title="bbox 159 2753 1684 2911">
     <span class='ocr_line' id='line_1_38' title="bbox 248 2753 1417 2799; baseline 0.003 -15"><span class='ocrx_word' id='word_1_346' title='bbox 248 2753 290 2795; x_wconf 76' lang='lat'>²⁵)</span> <span class='ocrx_word' id='word_1_347' title='bbox 319 2753 493 2785; x_wconf 52' lang='lat' dir='ltr'>Nl&#39;clcker.</span> <span class='ocrx_word' id='word_1_348' title='bbox 542 2753 603 2795; x_wconf 80' lang='lat' dir='ltr'>Ep.</span> <span class='ocrx_word' id='word_1_349' title='bbox 629 2754 722 2797; x_wconf 83' lang='lat' dir='ltr'>Cycl.</span> <span class='ocrx_word' id='word_1_350' title='bbox 750 2755 773 2786; x_wconf 89' lang='grc' dir='ltr'>ΙΙ</span> <span class='ocrx_word' id='word_1_351' title='bbox 803 2756 876 2787; x_wconf 72' lang='lat'>146.</span> <span class='ocrx_word' id='word_1_352' title='bbox 918 2755 1059 2788; x_wconf 87' lang='lat' dir='ltr'>Preller.</span> <span class='ocrx_word' id='word_1_353' title='bbox 1098 2756 1204 2799; x_wconf 81' lang='lat' dir='ltr'>Myth.</span> <span class='ocrx_word' id='word_1_354' title='bbox 1231 2755 1255 2787; x_wconf 89' lang='grc' dir='ltr'>ΙΙ</span> <span class='ocrx_word' id='word_1_355' title='bbox 1286 2755 1352 2788; x_wconf 85' lang='grc'>438</span> <span class='ocrx_word' id='word_1_356' title='bbox 1371 2766 1417 2798; x_wconf 91' lang='lat' dir='ltr'>sq.</span> 
     </span>
     <span class='ocr_line' id='line_1_39' title="bbox 246 2810 1683 2855; baseline 0.001 -14"><span class='ocrx_word' id='word_1_357' title='bbox 246 2810 286 2851; x_wconf 81' lang='lat'>²⁶)</span> <span class='ocrx_word' id='word_1_358' title='bbox 318 2810 432 2851; x_wconf 83' lang='lat' dir='ltr'>agitur</span> <span class='ocrx_word' id='word_1_359' title='bbox 461 2810 500 2842; x_wconf 88' lang='lat' dir='ltr'>de</span> <span class='ocrx_word' id='word_1_360' title='bbox 529 2810 635 2852; x_wconf 88' lang='lat' dir='ltr'>primo</span> <span class='ocrx_word' id='word_1_361' title='bbox 665 2810 842 2852; x_wconf 79' lang='lat' dir='ltr'>fragmenti</span> <span class='ocrx_word' id='word_1_362' title='bbox 871 2822 987 2844; x_wconf 88' lang='lat' dir='ltr'>versu:</span> <span class='ocrx_word' id='word_1_363' title='bbox 1019 2814 1136 2853; x_wconf 90' lang='lat' dir='ltr'>„cuius</span> <span class='ocrx_word' id='word_1_364' title='bbox 1164 2814 1234 2855; x_wconf 85' lang='lat' dir='ltr'>ipse</span> <span class='ocrx_word' id='word_1_365' title='bbox 1259 2813 1415 2855; x_wconf 85' lang='lat' dir='ltr'>princeps</span> <span class='ocrx_word' id='word_1_366' title='bbox 1440 2811 1526 2843; x_wconf 84' lang='lat' dir='ltr'>iuris</span> <span class='ocrx_word' id='word_1_367' title='bbox 1550 2810 1683 2843; x_wconf 80' lang='lat' dir='ltr'>iurandi</span> 
     </span>
     <span class='ocr_line' id='line_1_40' title="bbox 159 2865 1684 2911; baseline 0 -13"><span class='ocrx_word' id='word_1_368' title='bbox 159 2865 259 2907; x_wconf 81' lang='lat' dir='ltr'>suit“‚</span> <span class='ocrx_word' id='word_1_369' title='bbox 284 2867 378 2898; x_wconf 73' lang='lat' dir='ltr'>cuius</span> <span class='ocrx_word' id='word_1_370' title='bbox 406 2867 472 2898; x_wconf 84' lang='lat' dir='ltr'>vim</span> <span class='ocrx_word' id='word_1_371' title='bbox 506 2867 634 2899; x_wconf 80' lang='lat' dir='ltr'>rectius</span> <span class='ocrx_word' id='word_1_372' title='bbox 669 2878 763 2909; x_wconf 77' lang='lat' dir='ltr'>quain</span> <span class='ocrx_word' id='word_1_373' title='bbox 784 2867 988 2900; x_wconf 68' lang='lat' dir='ltr'>Wolckerus</span> <span class='ocrx_word' id='word_1_374' title='bbox 1016 2868 1073 2901; x_wconf 90' lang='lat' dir='ltr'>Gr.</span> <span class='ocrx_word' id='word_1_375' title='bbox 1099 2868 1200 2910; x_wconf 70' lang='lat' dir='ltr'>‘ri-ag.</span> <span class='ocrx_word' id='word_1_376' title='bbox 1228 2880 1252 2911; x_wconf 89' lang='lat' dir='ltr'>p.</span> <span class='ocrx_word' id='word_1_377' title='bbox 1285 2869 1345 2900; x_wconf 77' lang='lat'>102</span> <span class='ocrx_word' id='word_1_378' title='bbox 1372 2871 1592 2910; x_wconf 79' lang='lat' dir='ltr'>perspexerat</span> <span class='ocrx_word' id='word_1_379' title='bbox 1619 2867 1684 2900; x_wconf 83' lang='lat' dir='ltr'>iam</span> 
     </span>
    </p>
   </div>
  </div>
 </body>
</html>
