1937 3315
282 295 354 334 Sed
386 295 504 334 missa
539 294 713 346 Aeschyli
744 292 871 331 divina
901 292 1060 343 caligine
1091 292 1130 331 in
1162 291 1357 343 Euripidis
1391 292 1536 331 diserto
1569 291 1680 331 testi-

168 362 298 401 monio
336 368 507 414 perstare
537 362 655 400 lubet.
716 360 900 399 Fabulam
932 359 1119 399 habemus
1150 359 1483 410 antiquissimam3
1522 371 1612 398 nam
1644 365 1682 398 et

166 430 213 469 ad
249 427 468 483 Καλλίστη
499 440 641 468 nomen
673 427 1070 480 Dianae-Iphigeniae
1100 426 1306 480 respicitur
1338 432 1448 473 tecte,
1481 432 1519 466 et
1549 426 1680 474 Diana,

166 502 209 536 ut
238 497 430 536 Rohertus
453 502 597 543 monet,
628 497 744 536 etiam
767 498 868 548 agris
899 497 961 535 hic
991 501 1030 535 et
1049 495 1225 547 frugibus
1247 500 1412 548 praeest,
1444 496 1546 546 quod
1577 496 1678 534 idem

165 564 204 604 in
242 564 418 617 Meleagri
455 565 580 605 fabula
620 564 839 605 observavit
881 565 924 605 Ο.
948 564 1153 604 Muellerus
1182 563 1426 610 Dor.1375‚
1450 564 1496 611 5;
1540 576 1680 616 nempe

166 633 197 671 si
242 633 500 684 quodcunque
552 645 679 672 annus
726 635 800 672 fert
848 632 916 672 uni
952 632 1093 671 Dianae
1132 638 1310 678 vovetur,
1357 644 1434 670 non
1478 631 1678 670 beluarum

166 688 292 748 modo,
332 701 436 753 quod
467 701 734 753 pervulgatum
778 706 855 748 est,
894 700 961 740 sed
1001 712 1227 752 camporum
1267 712 1424 751 quoque
1463 701 1566 739 fetus
1607 699 1681 738 sub

165 770 248 807 eius
293 769 554 808 dominatione
597 782 682 808 esse
728 769 931 808 indicatur.
1006 768 1076 806 Cui
1121 774 1249 806 autem
1301 768 1462 806 debetur
1507 768 1679 806 narratio

164 834 399 889 Euripidea?
429 836 745 877 Wilamowitzius
776 849 901 890 nuper
926 836 965 876 in
996 834 1160 887 eleganti
1181 834 1442 887 disputatione
1473 835 1546 882 „de
1568 840 1677 875 utra-

165 916 240 954 que
260 904 435 943 Electra“
458 904 608 955 (Herm.
629 904 749 943 XVIII
780 917 816 955 p.
840 904 939 954 256)
969 902 1190 942 coniectura
1221 915 1316 941 usus
1340 902 1561 942 Stesichoro
1593 916 1677 942 eam

165 971 353 1011 attribuit.
413 972 698 1023 Argumentum
730 972 859 1011 attulit
889 969 1153 1024 Lycophronis
1184 982 1319 1009 versus
1351 969 1431 1010 326
1454 983 1537 1022 sqq.

428 1047 478 1104 ἣν
509 1050 571 1097 εἷς
601 1052 796 1103 βαθεῖαν
824 1049 1034 1102 λαιμίσας
1067 1048 1374 1102 Ποιμανδρίαν

430 1115 707 1172 στεφηφόρον
736 1118 843 1172 βοῦν
872 1116 1016 1165 δεινὸς
1047 1115 1238 1171 ἄρταμος
1267 1116 1439 1171 δράκων

428 1184 571 1240 §aloa
601 1184 826 1240 τριπάτρῳ
858 1183 1069 1240 φασγάνῳ
1108 1184 1362 1233 Κανδάονος

428 1251 577 1302 λύκοις
606 1252 655 1295 τὸ
686 1251 1031 1309 πρωτόσφακτον
1061 1249 1209 1307 ὅρκιον
1238 1252 1421 1305 σχάσας,

164 1333 204 1372 in
246 1334 388 1385 quibus
432 1335 480 1373 ab
524 1334 609 1386 ipso
649 1347 737 1373 cum
783 1340 891 1386 parte
936 1334 1171 1373 scholiorum
1216 1335 1263 1374 ad
1309 1334 1547 1386 Iphigeniam
1592 1347 1677 1373 rec-

164 1401 313 1441 tissime
358 1401 488 1441 reIatis
531 1415 607 1441 uno
647 1402 763 1441 verbo
803 1402 907 1453 quod
952 1407 1012 1441 est
1048 1400 1219 1455 δράκων
1257 1402 1546 1442 Stesichoreum
1584 1402 1679 1442 illud

163 1469 217 1517 τᾷ
246 1467 294 1508 δὲ
325 1465 497 1522 δράκων
526 1467 662 1522 ἐφάνη
700 1470 745 1508 de
776 1470 1063 1520 Agamemnone
1094 1469 1303 1520 dictum32)
1334 1470 1472 1522 respici
1502 1470 1678 1509 coniecit.

163 1537 217 1577 De
254 1551 330 1589 qua
367 1551 481 1577 causa
525 1544 721 1589 utcunque
765 1537 931 1584 iudicas,
977 1544 1081 1577 certe
1126 1551 1198 1577 nos
1242 1551 1397 1589 quoque
1440 1537 1586 1577 iamdiu
1632 1538 1679 1577 de

165 1604 387 1643 Stesichoro
434 1604 623 1655 cogitasse
672 1605 915 1644 confitemur.
993 1604 1142 1644 Omitto
1192 1605 1411 1644 universam
1461 1604 1674 1644 Stesichori

162 1672 445 1720 auctoritatem,
475 1686 572 1724 quae
602 1673 747 1724 quanta
775 1673 893 1712 suerit
931 1673 971 1712 in
1003 1673 1151 1713 fabulas
1181 1673 1376 1725 Euripidis
1416 1673 1506 1712 inde
1536 1687 1557 1712 a
1588 1674 1669 1713 415

162 1739 325 1792 scriptas
363 1739 479 1780 etiam
520 1739 695 1792 pluribus
734 1740 919 1793 exemplis
961 1753 1078 1792 quam
1118 1741 1244 1780 adhuc
1281 1740 1404 1781 allatis
1442 1747 1673 1781 statuemus.

161 1808 286 1858 Ipsam
318 1809 446 1859 potius
476 1809 646 1848 fabulam
678 1815 917 1860 spectemus,
953 1809 1077 1859 qualis
1108 1809 1159 1848 sit
1193 1816 1232 1848 et
1261 1810 1363 1848 unde
1404 1810 1523 1848 fluere
1555 1816 1671 1860 potu-

160 1874 234 1914 erit
262 1875 303 1914 in
324 1875 516 1928 Euripidis
546 1876 694 1928 poesin.
739 1863 896 1915 Poterat
921 1881 1052 1915 autem
1074 1875 1215 1915 Dianae
1236 1882 1407 1929 potestas
1437 1876 1500 1915 illa
1527 1876 1675 1928 agraria

161 1956 207 1981 ex
229 1943 417 1982 Boeoticis
449 1944 599 1987 fabulis.
631 1944 731 1982 unde
751 1944 971 1983 Aulidensis
1000 1949 1060 1983 est
1089 1944 1135 1982 de
1162 1944 1449 1994 Agamemnone
1483 1951 1677 1991 venatore,

161 2010 268 2050 nullo
310 2011 426 2050 modo
464 2010 632 2063 percipi;
678 2011 819 2051 desunt
855 2010 933 2051 illic
972 2010 1100 2050 omnia
1139 2011 1224 2051 talis
1267 2011 1464 2063 religionis
1507 2011 1676 2064 vestigia.

160 2079 318 2118 Poterat
345 2080 459 2117 etiam
483 2079 614 2118 minus
645 2092 689 2118 ex
709 2080 833 2118 Attica
865 2079 1064 2126 memoria,
1098 2079 1162 2117 ubi
1192 2079 1266 2118 etsi
1287 2080 1500 2118 Brauronia
1521 2080 1678 2130 antiqua

160 2144 222 2184 illa
252 2145 385 2197 religio
416 2152 455 2185 et
474 2146 693 2198 Iphigeniae
714 2147 842 2186 fabula
872 2147 1046 2194 florebat,
1078 2152 1209 2186 tamen
1240 2147 1309 2186 dea
1340 2147 1413 2186 ista
1445 2147 1606 2187 omnino
1637 2147 1677 2187 in

160 2213 370 2252 mulierum
407 2213 495 2252 fatis
532 2220 718 2253 versatur.
779 2214 958 2253 Occurrit
992 2215 1032 2252 in
1062 2214 1186 2253 Attica
1217 2215 1385 2265 vulgaris
1416 2214 1556 2253 Dianae
1587 2227 1677 2253 cum

161 2279 284 2320 beluis
315 2280 580 2330 necessitud03
612 2281 801 2322 habemus
823 2278 1078 2335 Ἀγροτέραν
1108 2294 1231 2334 prope
1260 2281 1416 2321 Ilissum
1448 2288 1487 2321 et
1515 2282 1676 2321 eandem

160 2348 355 2399 regionem
394 2356 671 2401 persequentes
702 2350 918 2389 Munichiae
949 2349 1089 2389 Dianae
1131 2350 1300 2389 fabulam
1340 2363 1446 2389 sacra
1488 2363 1576 2389 ursa
1616 2350 1679 2389 in-

161 2416 310 2467 signem
322 2415 386 2464 ³³)‚
425 2430 540 2468 quam
579 2417 729 2457 beluam
762 2418 884 2458 Attica
915 2419 1016 2457 sama
1045 2417 1180 2457 recolit
1215 2423 1254 2457 et
1282 2417 1323 2457 in
1354 2417 1572 2470 Iphigeniae
1602 2418 1678 2457 im-

161 2484 368 2523 molatione
397 2491 531 2536 utpote
552 2485 710 2536 virginis
729 2486 813 2524 loco
830 2497 850 2524 a
868 2485 936 2523 dea
955 2485 1168 2524 subiectam
1187 2489 1238 2534 (v,
1257 2486 1411 2525 Wilam.
1444 2486 1574 2525 Herm.
1596 2487 1621 2525 l.
1644 2499 1677 2526 c.

160 2564 198 2603 p.
221 2551 315 2598 259,
341 2551 381 2602 1)
412 2557 451 2591 et
470 2552 509 2592 in
542 2552 788 2592 caerimoniis
810 2552 1044 2592 Brauroniae
1074 2553 1167 2592 deae
1198 2550 1478 2606 (ἄρκτευσις);
1510 2553 1677 2606 denique

163 2624 316 2658 taurum
340 2633 606 2660 commemoro
627 2621 667 2660 in
689 2622 818 2660 locum
841 2620 1058 2672 Iphigeniae
1080 2620 1298 2660 subiectum
1332 2624 1383 2668 (v.
1401 2621 1554 2661 Wilam.
1576 2623 1600 2661 l.
1614 2625 1663 2670 c.)

273 2819 316 2863 ³²)
340 2819 381 2853 cf.
406 2819 545 2853 Robert.
595 2821 670 2853 Bild
694 2832 728 2853 u.
754 2821 793 2854 L.
818 2831 847 2864 p.
869 2821 931 2853 170
948 2831 996 2863 sq.

273 2877 315 2920 ³⁸)
342 2877 571 2922 Paroemiogr.
598 2891 628 2912 v.
649 2877 828 2924 ’Έμβαρος
851 2879 924 2923 εἰμὶ
947 2883 981 2912 et
1005 2878 1101 2913 Eust.
1127 2880 1168 2912 ad
1192 2879 1231 2913 ll.
1250 2879 1326 2921 331,
1344 2879 1397 2912 26.
