1937 3315
787 166 1048 203 „6-

163 280 255 318 satis
286 279 468 317 contrarii
499 291 693 317 summam
733 291 779 317 ex
811 280 1034 318 Stesichoro
1074 279 1232 317 fluxisse
1262 286 1425 318 constat.
1485 281 1534 319 At
1569 294 1679 321 sum-

163 359 265 385 mam
297 346 589 393 tantummod03
631 346 842 396 ambigitur
878 347 926 385 de
965 346 1139 397 singulis.
1171 369 1225 374 -—
1255 346 1303 385 Et
1334 347 1380 385 de
1420 346 1561 386 Helena
1591 348 1680 399 qui-

161 415 247 453 dem
281 414 354 452 sub
385 414 516 453 Protei
545 414 720 464 Aegyptii
751 414 871 453 tutela
904 427 1026 465 usque
1056 414 1102 452 ad
1133 413 1220 452 belli
1252 414 1369 452 finem
1400 413 1533 453 relicta
1555 415 1679 454 Hero-

161 481 288 529 dotus,
322 481 368 521 de
390 480 562 521 Menelao
582 480 673 521 illuc
704 481 867 534 appulso
887 481 964 522 iam
983 480 1176 522 Homerus
1196 479 1235 520 in
1254 479 1424 534 Odyssea
1445 488 1678 523 narraverat.

162 550 237 588 Sed
268 563 314 587 ex
344 550 403 587 his
445 550 596 587 duobus
627 550 863 588 testimoniis
901 556 1013 601 poeta
1045 549 1259 599 tragoediae
1295 562 1388 588 suae
1417 562 1494 588 non
1526 556 1679 601 poterat

160 618 326 658 conflare
356 622 653 669 argumentum,
684 617 806 658 immo
836 618 940 670 quod
966 616 1110 670 proprii
1140 616 1255 657 habet
1284 616 1387 657 illius
1420 617 1677 670 mythopoeia,

161 686 413 724 simulacrum
443 697 464 723 a
495 685 672 723 Troianis
701 686 913 725 abductum
944 692 983 724 et
1013 697 1143 723 errore
1175 682 1515 737 περιμάχητονῧ)
1546 697 1567 722 a
1590 685 1679 723 Ste-

163 753 316 792 sichoro
350 751 562 804 petendum
604 758 698 792 erat.
767 753 869 792 Sunt
905 752 972 804 qui
1009 752 1084 792 iam
1122 751 1332 791 Hesiodum
1366 749 1551 791 εἴδωλον
1586 751 1682 791 illud

162 820 370 872 protulisse
415 820 654 859 contendant
698 820 821 859 conisi
867 820 1012 859 scholio
1057 820 1104 859 ad
1149 820 1336 871 Lycophr.
1383 819 1464 859 822
1510 825 1680 859 vetusto:

165 889 334 941 πρῶτος
370 885 575 934 Ἡσίοδος
613 888 729 940 [περὶ
772 888 850 928 sive
889 886 1067 941 παρὰ]4)
1105 888 1178 941 τῆς
1205 885 1373 941 Ἑλένης
1403 887 1450 927 τὸ
1495 881 1684 927 εἴδωλον

165 954 404 1009 παρήγαγε.
435 955 713 994 Verumtamen
735 957 881 995 dudum
900 956 1228 995 Markscheffelius
1247 957 1309 1003 (fr.
1324 954 1517 994 CCLXXV
1533 968 1569 1006 p.
1583 954 1681 1002 393)

164 1037 234 1076 pro
266 1023 433 1062 Hesiodo
474 1023 686 1062 Stesichori
723 1036 867 1063 nomen
906 1025 970 1063 hic
1007 1023 1201 1075 reposuit;
1245 1023 1306 1062 cui
1343 1029 1387 1063 ut
1424 1021 1684 1062 assentiamur

164 1091 286 1130 multa
308 1096 566 1129 commovent.
607 1091 658 1130 Ut
678 1091 782 1130 enim
814 1091 984 1143 primum
1017 1091 1231 1143 scripturae
1252 1090 1542 1130 consideremus
1573 1089 1684 1129 simi'-

165 1160 393 1206 titudinem,
431 1173 506 1210 qua
542 1159 1019 1199 ΠΡωΤΟΟΗΟΙΟΔΟΟ
1052 1165 1090 1199 et
1124 1158 1685 1199 ΠΡωΤΟΟΟΤΗΟΙΧΟΡΟΟ

165 1226 369 1266 mutationi
391 1226 602 1265 admodum
626 1232 770 1278 patent,
792 1226 941 1278 respice
963 1232 1049 1265 utra
1071 1232 1204 1278 utpote
1233 1226 1381 1265 facilior
1409 1225 1522 1265 lectio
1554 1225 1684 1265 minus

164 1297 305 1335 valeat:
352 1295 496 1333 dixeris
537 1297 636 1333 forte
676 1297 966 1347 Στησίχορος,
1008 1307 1085 1345 quo
1126 1296 1284 1334 nomine
1324 1294 1521 1334 simulacri
1560 1294 1687 1333 fabula

164 1364 299 1402 referri
322 1362 461 1408 soleat,
483 1368 523 1401 at
543 1361 710 1401 librariis
732 1361 971 1401 contrarium
994 1361 1132 1401 accidit
1152 1362 1356 1414 plerisque,
1380 1361 1522 1414 quippe
1543 1361 1685 1413 quibus

165 1430 323 1469 Hesiodi
353 1442 495 1468 nomen
527 1430 640 1480 longe
671 1437 774 1469 esset
806 1430 985 1469 usitatius
1028 1442 1144 1480 quam
1176 1430 1369 1468 Himeraei
1398 1435 1546 1480 poetae.
1607 1429 1687 1467 Hac

165 1497 314 1536 ratione
335 1509 433 1547 quae
454 1496 617 1535 forsitan
647 1496 765 1535 nimis
787 1496 1005 1549 propinqua
1036 1501 1074 1535 et
1103 1495 1214 1547 quasi
1245 1501 1333 1535 ante
1363 1496 1479 1548 pedes
1511 1495 1573 1542 sit,
1605 1495 1686 1534 noli

168 1564 430 1617 supersedere.
466 1563 588 1603 Porro
610 1565 856 1604 scholiastam
878 1565 1008 1616 ipsum
1027 1569 1245 1616 spectantes
1262 1569 1306 1603 ut
1321 1564 1436 1603 fidem
1454 1564 1685 1603 haberemus

167 1633 284 1672 huius
315 1631 529 1679 doctrinae,
567 1644 645 1670 uno
677 1632 793 1671 verbo
829 1632 993 1671 debebat
1030 1631 1265 1670 mentionem
1303 1633 1428 1671 facere
1459 1631 1683 1679 Stesichori,

167 1702 278 1742 cuius
309 1714 399 1741 cum
430 1701 590 1739 nomine
625 1706 663 1740 et
702 1701 790 1741 fatis
820 1701 947 1740 fabula
978 1701 1040 1740 illa
1071 1700 1248 1752 proxime
1287 1700 1536 1748 cohaerebat,
1568 1700 1687 1752 idque

167 1783 211 1809 eo
243 1769 387 1808 certius
418 1769 721 1820 exspectandum
752 1769 842 1815 fuit,
874 1769 977 1819 quod
1008 1768 1248 1807 Herodotum
1280 1768 1419 1807 similia
1449 1770 1683 1807 referentem

168 1849 248 1877 non
279 1836 424 1876 omisit.
471 1836 582 1876 Certe
614 1836 738 1876 fabula
770 1836 851 1888 ipsa
882 1836 971 1876 licet
1000 1836 1197 1876 nonnullis
1218 1835 1312 1876 locis
1343 1842 1684 1884 commemoretur,

171 1904 333 1944 minime
363 1904 457 1942 adeo
489 1904 689 1942 communi
719 1904 855 1943 notitia
876 1904 1048 1951 florebat,
1080 1910 1124 1942 ut
1152 1904 1183 1942 si
1203 1903 1280 1942 iam
1311 1903 1425 1943 altius
1447 1916 1530 1943 eam
1552 1916 1686 1955 perse-

171 1977 386 2024 querentur
432 1970 691 2023 grammatici,
740 1971 1005 2011 Stesichorum
1054 1977 1251 2022 tamquam
1298 1976 1430 2011 notam
1475 1971 1685 2024 tritamque

170 2040 376 2079 stationem
398 2039 617 2086 reticerent,
649 2051 720 2078 nec
749 2039 879 2091 potius
902 2040 947 2077 de
968 2039 1231 2091 Lycophronis
1263 2039 1327 2091 (de
1348 2052 1425 2090 quo
1447 2040 1685 2090 quaerebant

172 2110 220 2147 cf.
253 2107 386 2147 scholl.
418 2106 588 2158 Kinkel.)
619 2112 657 2146 et
686 2106 719 2146 si
750 2107 807 2146 dis
838 2107 962 2158 placet
991 2106 1186 2159 Euripidis
1223 2112 1380 2147 auctore
1410 2106 1684 2158 cogitarentur.

171 2175 272 2223 Quid
304 2172 456 2214 multa‘?
485 2174 568 2226 ipse
600 2174 804 2214 scholiasta
836 2175 883 2214 de
910 2174 1019 2214 cuius
1051 2175 1124 2213 fide
1155 2174 1351 2226 litigamus
1373 2180 1487 2221 errat,
1519 2174 1686 2227 turpiter

169 2248 284 2289 errat,
317 2254 404 2281 cum
438 2241 493 2280 sic
523 2242 669 2298 pergit:
708 2242 780 2280 καὶ
808 2240 1042 2295 (Ηρόδοτος
1074 2240 1122 2282 δὲ
1152 2243 1293 2290 εἶπεν,
1325 2239 1394 2283 ὅτι
1426 2239 1552 2295 ἡμὲν
1582 2239 1685 2295 ἅλη-

171 2308 277 2362 θινὴ
300 2307 447 2361 Ἑλένη
481 2307 644 2360 ε”μεινεν
672 2308 794 2362 παρὰ
823 2313 1001 2363 Πρωτεῖ,
1034 2309 1081 2349 τὸ
1114 2308 1162 2349 δὲ
1192 2309 1376 2351 εἴδωλον
1397 2304 1529 2363 αὐτῆς
1560 2311 1684 2350 συνέ-

167 2377 357 2417 πλευσεν
381 2373 648 2429 Ἀλεξάνδρῳ
680 2374 757 2416 ἐπὶ
791 2376 867 2430 τὴν
903 2379 1081 2429 Τροίαν,
1120 2377 1187 2416 ubi
1223 2377 1344 2417 aliena
1376 2378 1570 2417 Herodoto
1607 2378 1685 2416 im-

169 2443 318 2481 miscet.
370 2443 599 2495 Lycophron
630 2446 802 2495 profecto
832 2445 934 2484 illius
965 2444 1227 2484 narrationem
1260 2458 1349 2485 cum
1371 2445 1577 2497 Euripidea
1608 2446 1685 2496 (vel

169 2510 431 2560 Stesichorea)
463 2524 560 2562 quae
591 2517 650 2551 est
680 2512 727 2551 de
758 2512 964 2552 simulacro
994 2512 1046 2552 ita
1076 2511 1322 2552 coniunctam
1354 2512 1481 2561 hahet,
1513 2517 1558 2553 ut
1576 2512 1685 2552 Paris

259 2638 284 2677 8)
310 2636 397 2668 Plat.
430 2636 508 2678 nep.
537 2634 585 2667 IX
610 2636 674 2668 556
693 2637 727 2668 C.
776 2636 940 2677 Bergkius
973 2636 1009 2668 P.
1026 2636 1063 2668 L.
1083 2636 1122 2669 G.
1148 2637 1187 2668 ad
1220 2636 1307 2669 Stes.
1334 2635 1374 2668 fr.
1402 2637 1445 2669 32
1477 2637 1546 2677 (44)
1575 2637 1684 2668 locum

166 2693 308 2726 citatum
339 2692 438 2724 nimis
470 2692 649 2734 praecidit3
686 2693 791 2725 verba
822 2694 941 2726 saltem
973 2702 1056 2736 quae
1087 2693 1292 2735 praecedunt
1322 2692 1382 2725 καὶ
1411 2689 1686 2736 παριμαχήτους

165 2749 256 2783 εἶναι
284 2749 361 2781 addi
387 2753 559 2791 poterant,
588 2753 624 2781 ut
648 2748 791 2781 liberum
826 2749 987 2781 iudicium
1016 2753 1119 2789 esset,
1150 2749 1228 2791 quid
1261 2751 1300 2782 de
1324 2744 1569 2795 περιμάχητος
1598 2759 1683 2782 voce

165 2807 290 2839 iterata
316 2806 528 2838 censendum.

256 2863 285 2902 ⁴)
309 2862 441 2894 delevit
465 2861 638 2893 Biicheler.
