1937 3315
829 182 1119 221 -40-

217 298 418 346 (Helenam
451 297 733 349 praecedente),
765 310 862 349 quae
894 298 1004 349 plena
1034 304 1093 337 est
1115 297 1380 338 Stesichoreae
1410 298 1583 338 lectionis
1610 300 1723 339 modo

215 365 389 418 inceptae
430 378 554 417 neque
591 365 665 405 ulla
703 365 795 404 dnm
828 365 1020 417 Odysseae
1057 364 1214 416 vestigia
1255 366 1484 417 praebet⁵¹)‚
1521 365 1560 404 in
1600 366 1723 405 verbis

216 432 460 474 παλαιῶν
491 431 654 485 πατρὸς
684 432 978 485 σφαγιασμῶν
1007 434 1058 484 (v.
1086 433 1180 482 199)
1221 433 1388 484 spatium
1427 434 1556 473 decem
1594 433 1724 485 potius

217 500 542 552 (Stesichoreum)
581 512 696 552 quam
735 507 882 552 septem
922 512 1115 540 annorum
1150 499 1279 539 animo
1314 508 1447 553 poetae
1487 500 1723 541 obversatur.

329 570 496 609 Prorsus
525 569 717 608 incertum
750 576 811 608 est
840 569 896 608 El.
929 569 1022 608 313.
1057 569 1175 615 1000,
1215 568 1281 607 ubi
1312 569 1653 621 Clytaemnestram
1684 569 1724 608 in

219 637 368 678 Troicis
400 636 533 689 spoliis
563 636 823 676 luxuriantem
858 636 1042 676 describit
1070 642 1194 689 poeta,
1224 635 1262 675 id
1293 648 1413 676 suone
1444 637 1563 678 Marte
1593 636 1726 677 fecerit

216 719 265 746 an
303 705 523 746 Stesichoro
565 711 742 752 auctore;
787 711 914 757 potest
958 705 1061 744 enim
1100 705 1442 757 Clytaemnestram
1479 706 1723 759 Aeschyleam

216 774 256 814 in
295 773 424 813 animo
462 773 663 820 habuisse,
705 786 803 825 quae
835 773 1016 814 maritum
1049 785 1244 812 reversum
1276 772 1397 812 nimio
1428 786 1516 813 cum
1542 775 1635 814 luxu
1664 787 1726 814 re-

216 842 327 894 cipit3
358 848 460 880 certe
492 841 530 879 in
565 848 643 880 toto
673 841 849 893 ingressu
882 842 1034 892 reginae
1064 853 1180 880 curru
1201 840 1424 879 advehentis
1445 848 1575 893 aperte
1599 842 1728 881 studet

217 916 329 962 poeta
353 909 559 960 imaginem
583 911 827 948 conformare
848 908 1128 960 Agamemnoni
1148 908 1202 946 illi
1222 908 1534 959 respondentem.
1584 909 1726 948 Eadem

216 977 392 1030 quaestio
413 978 528 1016 estin
551 976 687 1016 Oreste
715 976 821 1015 1110
839 989 922 1028 sqq.
948 976 1053 1015 1426
1071 988 1167 1027 sqq..
1200 974 1265 1014 ubi
1288 974 1452 1015 Helenae
1472 976 1557 1016 aula
1578 975 1727 1016 Asianis

217 1047 337 1087 servis
372 1053 410 1086 et
443 1045 694 1097 eunuchisw)
732 1046 831 1084 circa
870 1044 1066 1084 dominam
1110 1044 1350 1084 versantibus
1381 1051 1419 1085 et
1448 1045 1727 1085 flabellantibus

216 1117 397 1166 frequens
430 1114 650 1166 depingitur
679 1113 872 1152 coloribus
902 1112 1108 1152 Persarum
1140 1112 1264 1164 regiae
1294 1113 1624 1154 convenientibus.

332 1183 417 1229 Quo
458 1181 662 1221 certiorem
702 1182 801 1220 duco
839 1194 927 1220 eum
960 1188 1210 1228 concentum,
1254 1181 1357 1232 quod
1388 1181 1590 1234 Euripides
1619 1182 1728 1234 isque

218 1263 319 1290 unus
351 1246 592 1303 ἁρμάτειον
621 1247 750 1301 μέλος
779 1248 929 1288 inducit
959 1248 1024 1288 Or.
1060 1248 1165 1288 1384
1196 1254 1234 1288 et
1264 1249 1302 1288 in
1335 1249 1525 1301 tragoedia
1555 1249 1728 1289 eiusdem

216 1324 411 1358 extremae
441 1317 578 1357 aetatis
608 1317 768 1356 iterum:
802 1317 881 1368 lph.
914 1317 998 1355 Aul.
1032 1316 1132 1364 2303
1162 1316 1265 1367 quod
1297 1329 1418 1367 genus
1449 1325 1584 1357 cantus
1608 1318 1728 1357 Stesi-

216 1386 335 1425 choro
365 1386 566 1437 proprium
598 1384 718 1424 fuisse
750 1384 860 1435 eique
892 1384 1018 1436 primo
1055 1407 1100 1411 —
1133 1396 1220 1423 nam
1251 1384 1297 1423 ab
1324 1384 1524 1436 ‘Olympo'
1556 1385 1728 1424 fabuloso

218 1453 368 1494 musico
400 1453 578 1493 didicisse
609 1452 752 1493 dicitur
782 1475 834 1480 —
867 1452 1008 1491 diserte
1040 1452 1155 1492 tradit
1185 1451 1415 1492 Plutarchus
1446 1453 1492 1492 de
1522 1453 1657 1493 music.
1690 1454 1728 1499 7,

216 1523 284 1573 qui
324 1521 455 1561 bausit
491 1519 537 1560 ἐκ
568 1520 641 1573 τῆς
677 1519 870 1559 Γλαύκου
902 1516 1152 1573 ἀναγραφῆς
1182 1520 1253 1573 τῆς
1287 1516 1394 1573 ὑπὲρ
1427 1521 1508 1561 [ὧν
1538 1518 1730 1574 ἀρχαίων

217 1589 414 1643 ποιητῶν
425 1588 487 1640 ⁵³).

329 1725 365 1764 2.
418 1724 559 1764 Mirum
598 1729 787 1775 quantum
825 1723 863 1762 in
905 1723 1053 1763 Orestis
1089 1722 1215 1763 sabula
1252 1723 1443 1776 discrepat
1483 1723 1530 1763 ab
1561 1723 1729 1777 Odyssea

216 1793 484 1840 Stesichorus;
519 1805 651 1843 vneque
682 1792 785 1831 enim
817 1791 1021 1830 Furiarum
1056 1793 1171 1830 modo
1204 1792 1440 1838 vexationes,
1483 1798 1525 1830 ut
1560 1792 1730 1831 creditur

215 1861 457 1914 plerumque,
490 1859 557 1899 sed
589 1865 632 1899 ut
661 1858 793 1899 docuit
812 1858 1005 1899 Robertus
1027 1859 1082 1911 (p.
1103 1859 1181 1900 162
1204 1859 1281 1912 sq.)
1313 1864 1437 1900 tot'um
1470 1859 1727 1900 matricidium

215 1928 382 1968 alienum
405 1934 465 1966 est
486 1928 533 1967 ab
555 1927 735 1966 Homero.
789 1927 837 1966 Et
866 1928 1062 1978 quomodo
1093 1928 1324 1980 quandoque
1355 1928 1604 1980 parricidium
1635 1929 1729 1968 illud

217 1996 418 2035 inventum
451 1995 501 2034 sit
531 2002 569 2035 et
598 2007 695 2046 quae
726 1995 973 2035 necessitudo
1003 1995 1217 2035 intercedat
1245 1996 1347 2035 inter
1377 1996 1476 2035 hanc
1496 2001 1535 2035 et
1554 1995 1727 2036 Alcmae-

215 2064 301 2103 onis
324 2063 491 2101 similem
514 2063 681 2101 fabulam
694 2062 757 2112 ⁵⁴),
789 2062 827 2101 id
859 2063 1080 2113 perquirere
1112 2076 1183 2102 nec
1214 2064 1299 2102 volo
1330 2076 1399 2101 nec
1429 2075 1601 2114 possum.
1650 2064 1729 2102 Hoc

325 2208 366 2246 ⁵¹)
393 2206 434 2239 Ut
464 2207 497 2238 in
532 2207 701 2248 particula
726 2205 912 2254 Odysseae¹
929 2207 992 2238 huc
1026 2207 1213 2249 spectantia
1250 2207 1334 2239 satis
1360 2207 1512 2251 dispersa
1537 2212 1571 2240 et
1597 2209 1728 2240 occulta

214 2264 382 2297 incideret
424 2268 537 2307 poeta,
575 2262 697 2296 factum
736 2269 789 2297 est
820 2273 891 2295 cum
923 2263 955 2296 in
989 2263 1113 2296 Helena
1145 2264 1310 2309 Aegyptia
1342 2265 1583 2298 conscribenda
1616 2264 1726 2298 elabo-

215 2326 326 2359 raret,
354 2331 437 2362 quae
465 2330 565 2362 opera
591 2319 681 2352 ultro
708 2330 779 2352 enm
807 2321 837 2351 in
865 2320 1037 2364 Odysseae
1062 2321 1085 2354 ὃ
1107 2320 1256 2353 ducebat¹
1300 2320 1345 2363 (v.
1372 2320 1395 2354 «5
1416 2322 1474 2356 351
1507 2325 1601 2365 sqq).

325 2377 366 2416 ⁵⁹)
392 2376 583 2408 Casti-atum
610 2376 642 2407 in
669 2386 799 2408 scenam
828 2378 984 2419 produxit
1009 2378 1191 2420 Sophocles
1217 2389 1343 2421 quoque
1369 2379 1400 2410 in
1427 2378 1555 2411 Troilo.

324 2434 367 2477 ⁵³)
393 2445 424 2467 v.
453 2443 537 2465 nunc
563 2433 602 2466 de
627 2434 689 2465 hoc
713 2444 837 2474 genere
855 2434 975 2475 Bergk.
998 2434 1063 2467 Lit.
1084 2433 1201 2468 Gesch.
1229 2434 1349 2476 11295,
1370 2437 1420 2468 76.
1461 2437 1616 2470 Ceterum
1642 2437 1726 2469 haud

212 2493 282 2524 scio
300 2502 341 2524 an
361 2502 398 2523 ea
418 2491 607 2524 Stesichori
625 2491 770 2523 carmina
787 2491 1062 2535 Hyacinthiorum
1080 2490 1168 2524 sesto
1183 2492 1375 2534 Amyclaeo,
1394 2493 1527 2526 scilicet
1541 2495 1729 2535 processio-

212 2549 310 2581 nibus
336 2554 570 2592 carpentorum
597 2548 638 2579 ad
657 2547 802 2581 Helenae
827 2547 937 2580 sanum
963 2547 1063 2581 sactis
1090 2551 1134 2590 (v.
1156 2548 1293 2581 Preller.
1312 2548 1482 2584 Polemon.
1501 2550 1542 2583 fr.
1562 2562 1590 2594 p.
1617 2551 1676 2583 133
1696 2556 1730 2584 et

212 2606 358 2639 maxime
388 2605 465 2648 135)
490 2604 578 2638 facta
605 2605 673 2637 siut
699 2609 732 2637 et
756 2605 833 2638 inde
860 2617 973 2638 nomen
1001 2606 1180 2639 traxerint.
1694 2640 1714 2654 „-

324 2663 368 2704 ⁸⁴)
393 2662 516 2696 Tamen
543 2672 659 2694 moneo
686 2662 718 2694 in
746 2667 885 2706 utraque
902 2664 1066 2696 Arsinoae
1093 2672 1209 2696 nomen
1236 2674 1432 2707 occurrere3
1459 2664 1530 2697 illic
1549 2674 1727 2705 cognomen

211 2726 264 2754 est
289 2720 549 2764 Alphesiboeae,
574 2719 628 2752 hic.
654 2720 768 2752 nutrix
787 2720 920 2754 Orestis
946 2722 995 2754 sic
1022 2725 1162 2753 vocatur
1185 2732 1204 2753 a
1230 2720 1392 2764 Pindar03
1420 2722 1598 2765 utrobique
1624 2721 1729 2763 igitur

214 2789 329 2811 nomen
349 2778 566 2811 fidelissimae
584 2787 663 2819 erga
682 2778 816 2811 heroem
835 2778 987 2811 mulieris
1006 2783 1077 2819 est;
1105 2788 1207 2821 neque
1227 2778 1396 2823 Leucippi,
1415 2780 1590 2813 Castorum
1609 2780 1729 2820 soceri,

214 2835 315 2868 filiam
342 2845 418 2868 esse
438 2835 616 2867 Arsinoam
643 2835 831 2876 ignoratur,
855 2845 938 2877 quae
956 2836 1127 2867 delubrum
1146 2836 1285 2868 habebat
1306 2837 1337 2868 in
1359 2835 1610 2869 Lacedaemone
1627 2846 1728 2878 prope

214 2891 387 2935 Talthybii
415 2896 659 2924 mouumentum
686 2890 797 2932 (Paus.
824 2890 866 2924 llI
889 2893 937 2934 12,
958 2893 999 2933 7).
