1937 3315
858 169 1150 211 -52-

251 292 294 326 ut
315 299 363 325 ne
384 286 603 338 Iphigeniae
625 285 781 339 quidem
804 286 1069 326 immolatione
1091 298 1174 326 eam
1200 286 1354 339 placari,
1386 287 1451 327 sed
1471 292 1560 339 post
1580 286 1761 326 Troicum

249 356 392 395 bellum
431 368 616 408 prospere
653 362 781 396 actum
825 369 963 396 rursus
1001 356 1229 407 graviusque
1269 357 1308 395 in
1340 356 1560 395 Atridarum
1603 356 1761 395 domum

246 423 510 464 incubituram
555 437 638 464 esse
683 424 968 477 praesagiatur3
1012 423 1158 465 addidit
1203 423 1277 463 illis
1323 424 1532 477 Aeschylus
1576 423 1763 476 Apollinis

246 493 407 533 Paeanis
430 493 710 533 invocationem
733 507 842 545 quae,
873 507 946 534 nec
973 495 1019 534 ad
1040 493 1252 546 Iphiginiae
1276 493 1594 539 immolationem,
1626 492 1666 531 in
1688 505 1762 544 qua

246 567 423 601 versatur
454 568 532 601 tota
568 562 754 614 parodus.
795 568 881 615 apte
922 565 1090 602 refertur
1130 574 1201 601 nec
1240 561 1387 613 vulgari
1426 568 1464 601 et
1494 561 1632 601 obtrita
1672 572 1762 600 cum

247 630 365 670 Diana
383 630 667 670 necessitudine
683 632 776 671 satis
789 631 1001 683 explicatur
1012 631 1102 683 66’ῑ);
1119 630 1302 670 haudscio
1320 642 1368 669 an
1384 630 1499 670 lateat
1514 629 1626 669 altior
1636 640 1761 675 causa,

246 699 432 750 Apollinis
463 706 501 738 et
531 699 673 738 Dianae
704 699 743 738 in
776 700 913 740 Troiae
950 701 1082 740 hostes
1120 699 1340 739 communis
1380 698 1654 738 controversia.
1715 696 1764 736 Et

247 766 435 819 quidquid
466 767 512 807 de
542 767 729 820 Aeschylo
761 767 920 815 statuis,
958 774 1059 809 certe
1091 780 1169 808 non
1200 766 1360 807 defuerit
1392 766 1486 806 haec
1515 765 1615 806 ratio
1645 764 1685 804 in
1716 777 1761 804 eo

246 835 441 886 Euripidis
458 842 627 883 auctore,
642 836 1119 888 quiHectoremApollinis
1136 837 1256 875 filium
1275 849 1358 874 esse
1376 834 1761 884 nondumignoravit.

360 962 397 1001 3.
444 962 578 1002 Finem
610 962 702 1002 facit
730 962 968 1015 Iliupersidis
1000 963 1240 1015 Astyanactis
1273 975 1390 1002 mors.
1442 961 1554 1001 Hunc
1585 960 1684 1013 epici
1714 966 1759 1000 ut

246 1044 412 1083 puerum
444 1032 518 1070 iam
552 1031 679 1083 paullo
702 1031 887 1070 maiorem
919 1038 1012 1071 natu
1043 1032 1245 1079 inducunt,
1277 1032 1309 1071 si
1339 1030 1496 1082 quidem
1519 1042 1605 1069 vasa
1634 1028 1760 1081 quinti

246 1099 400 1146 saeculi,
432 1099 635 1151 praecipue
657 1099 770 1151 Brygi
790 1100 917 1139 nobile
940 1113 1049 1153 opus,
1080 1106 1118 1140 et
1140 1099 1341 1152 Sophoclis
1363 1098 1539 1151 Captivas
1561 1109 1762 1150 compara-

247 1180 347 1207 mus.
414 1168 509 1206 Nam
550 1168 653 1218 quod
695 1169 923 1219 Sophoclem
971 1168 1128 1215 attinet,
1167 1168 1305 1207 Accius
1344 1167 1516 1206 imitator
1557 1172 1763 1217 utramque

245 1235 349 1274 illius
391 1235 624 1287 tragoediam
663 1235 710 1274 ad
741 1236 975 1274 Graecorum
1010 1233 1245 1275 ἀπόπλουν
1283 1241 1521 1287 spectantem
1562 1234 1761 1286 expressit,

245 1303 477 1356 Polyxenam
500 1304 539 1343 in
565 1304 793 1351 Troadibus,
825 1305 927 1355 quod
959 1303 1173 1343 certissime
1197 1305 1408 1355 fragmenta
1440 1302 1696 1353 evincuntffl),
1726 1308 1764 1341 et

246 1371 423 1423 Captivas
461 1371 500 1410 in
540 1372 780 1424 Astyanacte.
848 1372 973 1411 Huius
1016 1371 1248 1424 hypothesin
1295 1376 1397 1410 recte
1443 1375 1683 1422 agnoverunt
1722 1369 1761 1407 in

248 1440 379 1480 Servio
410 1442 457 1481 ad
488 1441 583 1481 Aen.
605 1442 656 1481 III
678 1441 759 1482 489
792 1441 871 1493 (cui
903 1442 1113 1494 respondet
1145 1441 1289 1481 Seneca
1319 1440 1359 1480 in
1390 1439 1635 1491 Troadibus),
1666 1452 1763 1491 qua-

246 1520 335 1547 cum
367 1509 580 1548 concinunt
610 1511 826 1561 fragmenta
857 1521 946 1548 cum
984 1509 1215 1561 Sophoclea,
1247 1509 1286 1547 in
1318 1508 1459 1560 quibus
1489 1512 1641 1560 praeter
1670 1507 1763 1546 Iliu-

248 1578 413 1628 persidis
435 1578 593 1629 vestigia
625 1578 690 1625 31,
724 1578 789 1626 32,
821 1578 887 1626 34,
919 1578 1019 1627 (35),
1052 1577 1224 1629 (41)⁶⁷³)
1256 1577 1496 1629 dignoscitur
1526 1576 1763 1616 sacrificulus

248 1645 347 1684 mala
373 1646 533 1697 auguria
563 1646 792 1685 renuntians
815 1645 881 1695 39,
912 1652 950 1685 et
980 1646 1058 1685 dux
1079 1644 1249 1685 convicia
1280 1644 1319 1683 in
1352 1644 1460 1684 illum
1492 1643 1687 1683 coniciens
1710 1643 1762 1682 56

249 1717 312 1762 (cf.
335 1715 439 1753 Accii
469 1717 516 1753 fr.
541 1716 588 1753 IV
619 1714 752 1765 (83⁶3),
785 1721 869 1753 tum
901 1715 1086 1753 Accianae
1117 1713 1312 1764 reliquiae.
1361 1713 1629 1751 Occultaverat
1658 1712 1759 1750 enim

247 1788 371 1821 mater
400 1795 580 1835 puerum,
612 1795 728 1835 quem
760 1782 908 1824 deinde.
941 1795 1028 1822 cum
1053 1782 1133 1821 vela
1163 1781 1210 1821 ad
1237 1780 1404 1821 reditum
1437 1779 1582 1820 daturis
1603 1779 1763 1832 auguria

246 1851 405 1890 adversa
428 1853 574 1899 tierent,
606 1852 868 1903 indagandum
892 1858 930 1890 et
961 1851 1177 1890 necandum
1202 1856 1286 1889 vate
1316 1848 1533 1898 auctore⁶⁹)
1564 1848 1762 1887 existima-

246 1919 351 1959 bant.
398 1919 532 1959 Fuisse
565 1920 637 1960 tale
658 1920 801 1972 aliquid
823 1920 898 1959 iam
930 1920 970 1959 in
993 1919 1110 1972 epicis
1132 1917 1369 1958 carminibus
1391 1916 1554 1965 videtur,
1587 1918 1624 1956 in
1648 1916 1760 1969 Brygi

246 1994 348 2027 certe
369 1988 610 2028 nobilissima
630 1990 867 2041 Iliupersidis
898 1990 1048 2041 pictura
1071 1988 1263 2039 Astyanax
1293 1998 1390 2038 puer
1420 1997 1510 2033 non,
1542 1986 1645 2036 quod
1676 1986 1758 2024 fieri

246 2062 407 2109 poterat,
440 2069 523 2096 sese
545 2058 684 2096 occulit
714 2057 824 2096 anxie
846 2057 904 2096 vel
927 2063 969 2096 ut
990 2056 1134 2095 Helena
1155 2056 1216 2094 illa
1249 2054 1389 2094 misere
1410 2054 1456 2093 de
1477 2054 1598 2093 salute
1621 2053 1759 2106 despe-

335 2207 394 2250 6δῖ’)
420 2207 467 2239 Ea
500 2207 586 2238 ratio
625 2207 837 2238 vasculorum
871 2205 981 2247 potins
1016 2205 1293 2247 interpretationi
1322 2203 1532 2244 convenerit,
1568 2204 1602 2235 in
1629 2203 1759 2245 quibus,

245 2276 326 2307 quae
352 2266 483 2306 quidem
506 2264 611 2306 quinti
636 2264 763 2296 saeculi
788 2268 875 2301 sunt,
903 2273 1128 2304 nonnusquam
1158 2267 1291 2304 praeter
1311 2261 1498 2303 Apollinem
1519 2260 1624 2293 Diana
1650 2260 1759 2302 pingi-

246 2326 302 2353 tur
328 2320 486 2352 Troianis
515 2320 677 2351 auxilium
703 2319 827 2351 serens.

358 2377 399 2420 ⁶⁷)
425 2388 456 2409 v.
491 2376 588 2408 Ribb.
628 2376 718 2408 Ram.
749 2376 916 2417 Tragiidie
953 2387 984 2418 p.
1007 2376 1083 2408 418.
1115 2373 1148 2407 cf
1189 2373 1255 2407 Leo
1287 2374 1334 2406 De
1366 2374 1441 2407 Sen.
1477 2378 1562 2413 trag.
1597 2372 1754 2405 observv.

246 2436 338 2466 rritt.
365 2445 393 2476 p.
417 2435 490 2465 172.

357 2490 415 2532 5⁷²¹)
450 2499 574 2521 vereor
614 2499 652 2520 ne
685 2488 725 2521 sr.
751 2489 811 2529 41,
845 2488 902 2520 ubi
933 2484 1051 2533 πατὴρ
1088 2486 1128 2519 δ’
1166 2484 1356 2522 ὑπεκδὺς
1393 2497 1539 2529 propono
1577 2475 1757 2530 ἀμφίλῖνα

245 2547 346 2579 serbo
374 2552 588 2587 conservato,
616 2546 765 2578 Priamus
791 2546 924 2577 dicatur
948 2545 1095 2577 hostium
1121 2545 1278 2587 impetum
1304 2543 1450 2586 fugiens,
1481 2544 1530 2576 ita
1555 2549 1591 2576 ut
1615 2542 1757 2576 forsitan

244 2615 317 2636 cuni
341 2605 403 2636 hoc
428 2614 530 2636 versu
556 2604 819 2645 coniungentium
847 2603 891 2635 sit
916 2601 956 2635 fr.
983 2602 1034 2635 35.

357 2662 397 2700 68)
423 2661 504 2693 Odit
529 2662 658 2693 omnino
684 2661 867 2703 Sophocles
892 2660 1048 2700 auguria:
1083 2659 1137 2691 Ai.
1166 2659 1260 2692 1418.
1303 2659 1341 2691 Ο.
1366 2658 1402 2691 R.
1431 2658 1515 2699 500;
1547 2658 1606 2689 καὶ
1629 2654 1758 2700 μάντις

244 2716 364 2753 οὐδεὶς
399 2717 470 2750 τῶν
509 2715 708 2760 ἕᾳεστότων
737 2718 881 2762 βροτοῖς
911 2717 1039 2758 legitur·
1070 2716 1103 2748 in
1132 2715 1317 2756 Antigona3
1354 2719 1492 2757 quartus
1524 2723 1618 2756 quem
1650 2713 1756 2745 auimo

244 2774 357 2807 notavi
382 2775 476 2806 locus
502 2774 535 2805 iu
562 2773 750 2806 Philocteta
776 2779 838 2806 est.

355 2831 397 2872 ⁶⁹)
423 2830 542 2864 Nonne
575 2830 741 2870 Virgilius
773 2840 893 2863 versus
924 2830 1007 2862 Aen.
1033 2828 1059 2861 ll
1085 2829 1259 2863 116—118
1297 2839 1315 2861 a
1348 2827 1532 2869 Sophocle,
1564 2836 1656 2869 quem
1688 2831 1756 2859 tum

242 2889 330 2921 forie
362 2889 401 2920 de
430 2888 618 2919 Laocoonte
649 2887 773 2919 adierit
799 2887 844 2919 ita
870 2891 1039 2919 mutuatus
1065 2886 1129 2927 sit,
1164 2890 1200 2918 ut
1225 2886 1264 2918 de
1289 2895 1348 2917 suo
1374 2884 1512 2917 adderet
1536 2883 1756 2925 ‘Argolica’?
