1937 3315
836 169 1126 210 -50-

224 291 352 323 autem
392 284 507 323 huius
548 285 720 323 numinis
758 285 888 336 religio
920 286 957 323 in
993 292 1069 324 tota
1101 286 1160 323 illa
1192 286 1353 324 Troadis
1384 286 1557 336 regione3
1595 300 1734 338 nempe

224 352 407 404 Chryses,
439 352 627 403 Apollinis
658 352 778 404 ipsius
810 352 1010 405 perspicua
1042 365 1224 404 persona,
1267 353 1362 392 nihil
1398 352 1498 392 aliud
1529 359 1589 392 est
1617 366 1732 405 quam

223 420 389 472 Chrysae
413 423 542 459 frater.
580 420 629 459 Ut
651 433 739 459 vero
760 421 918 460 alterius
939 433 1084 460 numen
1107 420 1301 471 antiquior
1322 427 1457 460 natura
1479 422 1553 460 iam
1576 421 1734 461 Homeri

222 487 465 540 temporibus
504 488 660 528 evanida
704 494 741 528 et
781 488 995 529 recentiore
1036 489 1237 541 religione,
1279 489 1486 537 Minervae,
1533 488 1733 529 obliterata

222 556 379 606 eratffl),
411 557 461 595 ita
493 557 539 595 de
569 557 701 603 altero,
732 557 918 608 Apolline,
951 558 1087 597 Troiae
1122 564 1259 603 tutore,
1292 558 1548 598 certissimam
1582 570 1732 597 memo·

221 624 318 664 riam
352 624 515 664 servavit
538 624 741 664 Homerus.
789 624 906 664 Cuius
939 626 1147 666 memoriae
1177 625 1326 677 insigne
1357 626 1634 666 documentum
1667 638 1734 664 ex-

221 700 297 733 stat
318 694 418 745 apud
442 693 720 741 Stesichorum,
753 695 814 733 cui
848 693 991 734 Hector
1010 694 1197 747 Apollinis
1229 695 1332 734 filius
1353 701 1411 734 est
1432 695 1496 746 (fr.
1520 695 1602 746 69),
1629 695 1733 746 quod

221 762 321 800 idem
364 763 482 801 refert
521 762 820 814 cognatissimus
858 763 911 801 illi
942 764 1078 816 Ibycus
1121 766 1181 812 (fr.
1215 762 1267 802 34
1291 763 1349 814 A).
1419 763 1550 815 Neque
1582 764 1732 815 Cycnus

219 830 322 881 gigas
354 830 427 877 ille,
465 831 531 882 qui
563 831 717 870 Graecis
749 831 788 870 in
819 831 902 870 illas
934 845 1020 871 oras
1052 844 1167 871 naves
1198 832 1478 883 appellentibus
1509 831 1659 882 primus
1691 844 1731 870 se

219 898 399 950 opponit,
441 899 537 938 alius
569 905 645 945 est,
684 912 798 951 quam
833 900 1044 939 deformata
1077 900 1273 940 veterioris
1305 900 1365 938 dei
1395 899 1471 938 illic
1501 900 1594 938 culti
1624 905 1661 938 et
1692 901 1731 938 in

219 967 416 1018 gigantum
451 980 571 1018 genus
603 968 754 1019 delapsa
786 981 961 1020 persona,
993 969 1029 1008 id
1061 970 1163 1020 quod
1195 970 1240 1008 ad
1274 981 1409 1008 omnes
1432 968 1533 1007 viros
1564 968 1730 1019 pertinet

219 1035 423 1087 „Cycnus“
454 1035 686 1080 nominatos,
718 1036 788 1074 ctsi
819 1044 976 1087 apparet
1008 1043 1157 1076 tantum
1191 1038 1229 1076 in
1262 1037 1539 1075 Phaethonteo.
1585 1035 1731 1087 Nempe

218 1103 344 1153 agitur
375 1104 420 1141 de
453 1104 639 1142 veteriore
671 1103 857 1154 Apollinis
889 1107 1023 1150 forma,
1063 1106 1108 1143 de
1141 1106 1240 1144 Solis
1271 1104 1465 1155 religione.
1525 1104 1651 1150 Quare
1683 1117 1730 1142 ne

218 1171 263 1211 de
303 1171 367 1211 illo
403 1172 558 1224 quidem
593 1170 720 1224 Cycno
751 1171 942 1224 Pagasaeo
973 1173 1180 1225 Apollineis
1212 1172 1330 1213 sacris
1360 1172 1501 1212 infesto
1532 1171 1641 1212 aliter
1670 1171 1730 1211 iu-

217 1241 423 1280 dicandum
457 1247 535 1288 est;
567 1241 668 1279 idem
691 1241 736 1279 de
759 1241 890 1280 Tenne
912 1241 1092 1289 Tenedio,
1122 1242 1237 1294 Cycni
1265 1241 1355 1288 filio,
1386 1241 1469 1280 aliis
1491 1241 1617 1280 causis
1638 1253 1730 1292 pro-

216 1311 295 1350 bari
323 1316 462 1362 potest.
513 1310 656 1349 Eodem
689 1310 868 1350 ducimur
900 1310 964 1350 llei
996 1311 1054 1350 vel
1076 1309 1174 1350 Oilei
1197 1309 1397 1350 Locrensis
1427 1309 1595 1349 fabulam
1620 1321 1729 1348 com-

215 1379 397 1431 parando.
451 1378 569 1418 Cuius
602 1379 719 1430 stirps
741 1385 779 1417 et
810 1379 967 1418 nomine
999 1385 1037 1418 et
1067 1379 1185 1418 sacris
1217 1379 1331 1418 etiam
1364 1378 1577 1431 posteriore
1607 1384 1729 1416 aetate

215 1447 369 1486 Troiam
403 1446 533 1485 missis
566 1447 717 1497 generis
749 1453 949 1497 cognatam
983 1447 1167 1498 originem
1200 1448 1416 1499 profitetur.
1468 1447 1567 1485 lleus
1588 1446 1661 1485 fuit
1682 1446 1728 1484 ab

215 1514 389 1565 Apolline
433 1520 585 1553 creatus
626 1520 664 1553 et
706 1514 843 1553 Troico
882 1515 1038 1565 quidem
1082 1514 1250 1558 (Hesiod.
1293 1517 1338 1553 fr.
1380 1514 1457 1553 137
1490 1514 1635 1565 Kink.).
1675 1537 1729 1541 ——

216 1582 362 1630 Quodsi
401 1582 553 1622 obstare
592 1581 652 1622 his
683 1581 834 1622 videtur
864 1582 990 1622 fabula
1020 1582 1082 1622 illa
1113 1583 1332 1635 pervulgata
1364 1582 1409 1622 de
1439 1581 1608 1635 Neptuni
1637 1594 1727 1621 cum

213 1651 389 1703 Apolline
421 1650 620 1689 communi
652 1663 765 1702 opera
800 1650 922 1689 muris
950 1651 1098 1689 Troicis
1128 1651 1372 1690 exstruendis
1403 1657 1556 1690 navata:
1588 1650 1726 1701 aspice,

213 1734 328 1772 quam
369 1719 505 1758 debilis
537 1719 588 1758 sit
617 1719 787 1771 Neptuni
819 1719 953 1758 Troiae
984 1719 1146 1758 faventis
1177 1726 1215 1758 et
1246 1719 1347 1758 muri
1378 1718 1480 1758 illius
1512 1718 1657 1758 mentio
1688 1718 1726 1758 in

212 1790 318 1828 exitu
339 1788 427 1827 libri
449 1787 645 1826 Homerici
673 1789 713 1825 II
733 1788 860 1837 (445),
893 1800 988 1839 quae
1020 1800 1109 1826 cum
1131 1788 1318 1840 Apollinis
1340 1787 1565 1839 gravissimo
1586 1786 1726 1825 auxilio

212 1857 348 1896 Troiae
388 1869 456 1895 sua
494 1868 611 1894 manu
650 1855 763 1910 allato
804 1861 841 1893 et
881 1868 969 1894 cum
1010 1856 1150 1895 infesto
1188 1856 1227 1894 in
1260 1856 1425 1894 Graecos
1456 1855 1585 1894 animo
1623 1855 1726 1894 illius

211 1925 310 1977 pesti
341 1931 379 1963 et
409 1924 581 1963 cladibus
612 1936 678 1962 eos
709 1923 881 1962 vexantis
912 1924 1018 1962 nullo
1042 1923 1156 1962 modo
1178 1923 1342 1963 conferri
1363 1929 1503 1975 potest.
1555 1923 1725 1963 Omnino

211 1993 338 2032 fabula
378 1993 439 2031 illa
471 1992 755 2031 Laomedontea
788 1997 864 2030 tam
897 2004 1015 2043 prope
1046 2004 1134 2031 cum
1170 1991 1334 2031 Hesiona
1365 1997 1403 2030 et
1434 1991 1608 2031 Herculis
1639 2004 1725 2043 my-

213 2062 378 2112 thologie
409 2061 600 2112 principio
631 2061 835 2099 cohaerere
867 2060 1030 2106 videtur,
1064 2066 1106 2099 ut
1135 2060 1193 2099 vel
1223 2060 1311 2099 inde
1343 2060 1389 2098 de
1410 2059 1623 2099 recentiore
1645 2059 1725 2098 ori-

209 2130 296 2182 gine
337 2129 499 2168 iudicari
540 2128 674 2181 possit.
737 2128 774 2167 Si
812 2127 904 2179 quid
943 2127 1140 2179 antiquius
1177 2129 1330 2179 quaeris
1371 2128 1417 2167 de
1449 2128 1723 2174 Laomedonte,

209 2205 364 2249 praeter
381 2198 498 2236 vitem
515 2198 568 2235 illi
585 2211 605 2235 a
621 2197 770 2235 Baccho
793 2197 920 2235 datam
944 2197 1109 2236 fabulam
1129 2197 1274 2248 respice
1297 2197 1342 2236 de
1365 2197 1521 2236 servitio
1536 2196 1723 2248 Apollinis

209 2266 377 2318 pecudes
408 2286 462 2293 —-
495 2277 583 2304 nam
616 2264 702 2304 talia
735 2265 972 2304 conveniunt
993 2264 1079 2304 Idae
1115 2289 1163 2292 ---
1196 2264 1499 2304 Laomedonteas
1530 2263 1721 2317 pascentis

209 2335 268 2386 (fl)
300 2334 418 2383 443„
458 2334 525 2373 sed
562 2333 624 2373 hic
664 2346 816 2385 quoque
857 2333 975 2372 habes
1005 2333 1233 2386 Apollinem.
1293 2334 1398 2373 ldem
1431 2333 1529 2373 ratio
1560 2333 1672 2372 docet
1701 2346 1722 2372 a

207 2403 401 2443 contraria
440 2410 547 2455 parte
588 2404 770 2454 profecta.
839 2402 991 2453 Equum
1036 2402 1239 2442 inventum
1283 2409 1320 2443 et
1360 2402 1592 2442 attributum
1635 2414 1719 2441 esse

205 2473 378 2524 Neptuni
410 2478 558 2511 veteres
589 2471 738 2510 fabulae
768 2476 807 2510 et
837 2471 1012 2510 hodierni
1037 2471 1245 2523 mythologi
1267 2472 1455 2519 clamant;
1487 2484 1607 2510 unum
1634 2477 1720 2510 tan-

318 2561 361 2601 54)
388 2561 467 2592 item
504 2569 547 2592 ex
578 2559 666 2591 Solis
699 2569 816 2591 sorore
849 2559 987 2591 fluxisse
1016 2559 1148 2591 videtur
1173 2559 1326 2592 Corinthi
1352 2560 1507 2592 Minerva
1532 2559 1722 2595 Χαλινῖτις

207 2619 494 2660 bellerophontea,
524 2618 553 2648 in
583 2617 756 2649 notissimo
786 2616 919 2648 vasculo
946 2616 999 2655 (Ο.
1028 2616 1121 2648 Jahn.
1150 2617 1247 2649 Arch.
1275 2618 1379 2650 sseitr.
1403 2616 1475 2649 Taf.
1490 2616 1532 2657 V)
1559 2617 1636 2659 polo
1667 2627 1722 2647 or-

205 2679 301 2714 nata3
333 2676 572 2714 confluxerunt,
602 2674 634 2704 ni
660 2672 769 2713 fallor7
801 2673 954 2705 Minerva
977 2670 1101 2705 Ἱππία
1126 2678 1159 2705 et
1184 2684 1282 2706 soror
1307 2675 1401 2706 illius
1426 2675 1459 2706 in
1486 2684 1568 2715 equo
1594 2673 1721 2704 solario

208 2732 378 2765 vehentis.
428 2730 531 2762 Lucis
565 2731 697 2762 numina
724 2740 822 2773 saepe
851 2731 953 2763 habes
980 2731 1175 2773 equitantia‚
1207 2732 1317 2763 Solem
1343 2731 1422 2763 Eur.
1450 2732 1525 2762 Jon.
1550 2730 1604 2770 41,
1631 2730 1721 2761 Diem

203 2790 322 2822 Aeseh.
350 2787 441 2820 Pers.
468 2787 544 2819 384.
579 2787 678 2830 soph.
704 2788 756 2819 Ai.
776 2787 852 2828 (573,
879 2786 1070 2819 Luciferum
1095 2788 1174 2819 Eur.
1202 2787 1242 2820 fr.
1263 2789 1338 2830 999,
1368 2788 1494 2820 Lunam
1522 2787 1556 2818 in
1582 2786 1721 2818 notissi-

202 2848 265 2879 mis
300 2847 540 2888 monumentis,
578 2846 732 2877 Hecatam
767 2846 799 2877 iu
833 2846 970 2878 nummis
1004 2850 1039 2878 et
1070 2845 1168 2889 soph.
1200 2845 1241 2879 fr.
1276 2847 1353 2886 490,
1377 2847 1407 2887 3,
1445 2845 1606 2877 Auroram
1639 2844 1717 2878 Eur.

203 2906 260 2936 Or.
290 2904 373 2935 leot
400 2913 534 2946 canitqut¹
564 2903 594 2934 in
624 2902 749 2944 Pegaso
776 2903 848 2945 ipso
877 2904 1049 2936 vehentem
1075 2902 1239 2947 Lycophr.
1269 2904 1319 2936 17.
