1937 3315
422 654 686 705 SENTEN
693 654 736 701 T
745 654 815 700 [A
825 653 861 699 b}
905 649 1414 700 CONTROVERSA
1423 648 1474 695 E.

238 907 245 915 .
283 881 455 923 Aristoph.
481 878 613 912 Thesm.
639 878 716 911 414.
741 877 818 910 415.
845 874 1022 907 421-428
1054 872 1156 914 (sieut
1180 872 1244 905 416
1268 882 1314 914 sq.
1342 869 1384 906 cf.
1412 871 1576 912 Hartung.
1625 868 1704 902 Eur.

289 942 368 970 rest.
397 937 419 971 1.
445 936 501 970 87)
525 936 567 969 ad
591 934 766 969 Eurinidis
792 933 935 965 Danaam
959 934 1120 968 spectant.

286 1107 364 1140 Eur.
393 1106 506 1149 Suppl.
529 1106 612 1146 509,
650 1104 706 1136 ubi
745 1114 807 1135 non
844 1101 1062 1135 recedendum
1093 1110 1111 1132 a
1137 1099 1275 1141 vulgata
1306 1097 1597 1141 interpunctione,
1633 1096 1709 1137 lege

285 1157 383 1199 νέος
408 1174 442 1195 τε
470 1157 600 1204 ναύτης
624 1162 738 1202 (vulgo
763 1155 876 1199 νεώς).

287 1222 366 1253 Eur.
393 1220 513 1252 Phoen.
539 1220 617 1259 480,
642 1218 698 1250 ubi
723 1216 809 1249 falso
834 1216 983 1249 traditur
1009 1210 1030 1246 ἃ
1057 1216 1228 1257 γίγνεται,
1254 1212 1367 1245 scribo
1391 1207 1415 1244 ἃ
1440 1211 1504 1245 νῦν
1528 1212 1634 1254 κυρεῖ.

219 1280 247 1311 5.
287 1277 486 1321 Apollodori
511 1275 600 1315 1116,
617 1275 650 1315 8,
665 1275 686 1307 4
713 1274 815 1307 verba
842 1273 927 1319 πρὶν
954 1269 1025 1305 ὑπὸ
1056 1270 1317 1317 Περικλυμένου
1342 1267 1384 1302 τὰ
1409 1269 1507 1302 νῶτα
1531 1266 1710 1312 τρωθῆναι

288 1346 328 1368 ex
354 1339 450 1379 poeta
475 1333 587 1377 aliquo
615 1334 784 1364 fluxerunt
809 1334 842 1362 et
867 1339 909 1362 ex
934 1328 1079 1361 Pindaro
1105 1328 1236 1371 quidem
1260 1325 1317 1368 [N.
1334 1325 1383 1358 IX
1408 1326 1449 1359 26
1476 1325 1567 1368 [61]).

232 1395 249 1424 ὶ.
289 1392 402 1425 Ovidii
427 1392 466 1422 Α.
486 1389 570 1422 A.11
594 1388 728 1420 21—-96
755 1387 923 1429 posterius
949 1387 1074 1427 scripta
1099 1390 1177 1416 sunt
1200 1394 1294 1426 quam
1320 1384 1399 1415 Met.
1425 1382 1497 1415 VIII
1525 1381 1711 1413 183—235.

222 1452 249 1482 ἵ.
288 1449 319 1481 In
346 1450 421 1481 loco
448 1447 487 1480 de
506 1446 683 1479 Hermiona
711 1445 791 1477 olim
816 1442 1083 1485 locupletissimo
1111 1452 1196 1474 nunc
1221 1440 1437 1473 mutilissimo
1456 1439 1512 1481 qui
1536 1443 1589 1471 est
1607 1438 1712 1471 schol.

205 2025 255 2056 lo.

288 1506 369 1539 Eur.
397 1505 552 1538 Androm.
580 1503 621 1535 32
648 1501 702 1543 (ef.
731 1500 972 1535 Wilamowitz.
998 1496 1276 1541 Rhes.s0h011.p.
1298 1498 1344 1539 4),
1369 1496 1426 1529 ubi
1450 1496 1532 1529 haee
1557 1496 1715 1536 leguntur

290 1562 439 1606 ὕστερον
466 1561 502 1594 δὲ
531 1557 714 1603 Διομήδει
745 1558 956 1597 συνοικῆσαι
982 1580 1079 1588 .....
1110 1557 1167 1587 ΤΙ.
1192 1556 1280 1598 φησὶ
1311 1554 1348 1588 δὲ
1376 1554 1436 1586 καὶ
1457 1548 1716 1594 Ἀσκληπιάδης

289 1621 380 1661 κτλ,
412 1619 506 1663 Ibyci
536 1628 651 1650 nomen
682 1616 789 1648 latere
819 1614 954 1647 videtur
983 1612 1036 1654 (ef.
1062 1612 1104 1645 fr.
1123 1612 1165 1644 38
1197 1612 1362 1653 Bergk.⁴),
1399 1611 1447 1644 ita
1472 1616 1507 1643 ut
1532 1609 1603 1643 fere
1627 1607 1714 1642 κατὰ

295 1674 392 1719 (ror)
410 1667 553 1708 ''JBYK
604 1674 698 1706 locus
727 1671 909 1714 explendus
938 1671 995 1703 sit.

292 1733 452 1766 Cratinus
478 1729 789 1776 Dionysalexandro
815 1727 977 1771 Aeschyli
1004 1726 1204 1771 Lycur-giam
1230 1725 1388 1768 (Edonos)
1416 1725 1535 1758 irrisit.

290 1790 432 1824 Theocr.
451 1779 571 1831 XVIII,
589 1789 628 1821 21
648 1787 771 1833 ματέρι
793 1786 884 1830 prius
902 1795 995 1828 quam
1022 1785 1062 1817 ad
1080 1784 1201 1817 Ledam
1228 1782 1368 1823 referas,
1394 1784 1435 1815 ad
1453 1781 1717 1815 emendationem

291 1847 484 1888 confugias3
521 1851 557 1878 at
582 1847 664 1878 bene
693 1845 788 1876 loeus
816 1853 851 1875 se
875 1843 976 1874 habet
1000 1847 1034 1873 et
1059 1842 1099 1873 ad
1126 1842 1229 1883 ipsam
1259 1841 1417 1873 Helenam
1447 1842 1495 1872 ita
1523 1843 1652 1882 spectat
1681 1843 1718 1869 ut

293 1906 446 1946 vulgaris
473 1906 512 1937 de
540 1904 657 1937 liberis
675 1894 805 1946 patrum
831 1900 1000 1933 similibus
1026 1910 1134 1932 sermo
1160 1898 1201 1940 (e.
1221 1910 1271 1941 gr.
1290 1897 1393 1938 XVII,
1410 1899 1463 1930 44.
1490 1896 1621 1929 Hesiod.
1644 1906 1716 1937 opp.

294 1963 372 2002 235)
398 1962 572 2004 eleganter
596 1961 760 1994 varietur.

295 2020 476 2062 Gigantum
508 2016 608 2058 pedes
641 2015 799 2056 anguinei
836 2014 989 2057 (primum
1024 2013 1274 2046 commemorati
1308 2023 1327 2045 a
1354 2012 1485 2045 Naevio
1519 2009 1717 2048 Tarentino)

296 2077 459 2119 originem
485 2074 609 2107 ducunt
633 2083 652 2106 a
675 2072 846 2118 Typhone,
880 2071 933 2115 qui
965 2071 1024 2104 illa
1049 2069 1156 2103 forma
1181 2069 1354 2114 praeditus
1380 2069 1445 2102 iam
1471 2068 1502 2100 in
1528 2065 1618 2100 sexti
1643 2073 1717 2098 sae-

294 2134 362 2167 culi
387 2138 461 2167 arte
486 2131 648 2165 occurrit.
1167 2127 1169 2129 ’
