1937 3315
831 170 1121 211 —58-

222 289 305 339 24),
348 301 513 339 quarum
551 288 707 328 nomina
746 285 885 335 Οἷνώ,
922 285 1132 340 Σπερμώ,
1172 283 1317 333 Ἐλαῒς
1352 287 1487 333 affero,
1533 286 1635 337 quod
1671 285 1732 324 hic

222 359 338 398 etiam
371 357 468 397 oliva
499 356 708 408 Meleagrea
737 355 812 403 illa,
843 354 1068 407 ceteroquin
1099 368 1120 394 a
1156 354 1304 394 Baccho
1342 353 1514 401 alienior,
1550 366 1732 406 compro-

222 426 410 476 batu1·⁷⁷).

337 495 414 535 Sed
446 506 591 541 vereor,
623 505 671 533 ne
702 506 748 532 ex
778 493 883 532 hisce
915 493 1097 533 omnibus
1127 491 1275 532 nuntiis
1314 491 1527 545 aptissimis
1566 492 1613 531 ad
1643 504 1732 544 per-

221 565 459 605 noscendam
490 563 583 602 facis
615 562 803 602 Troianae
833 561 1015 609 fabulam,
1047 574 1185 614 parum
1216 561 1415 601 lucremur
1446 561 1486 601 in
1508 560 1733 613 quaestione

222 647 321 686 quae
343 639 402 672 est
423 632 469 671 de
490 635 659 678 auctore,
691 642 711 668 a
733 642 809 681 quo
831 630 1023 682 acceperit
1043 643 1125 669 eam
1150 628 1364 681 Euripides.
1409 629 1508 669 Sane
1529 629 1733 681 ignoscen—

223 703 316 742 dum
349 708 419 748 est,
450 701 482 739 si
513 711 637 745 mens,
670 698 736 737 ubi
767 698 813 737 de
845 699 1039 750 tragoedia
1071 712 1160 738 cum
1183 697 1398 737 Troadibus
1420 698 1626 738 coniuncta
1647 698 1727 749 agi-

224 778 300 817 tur,
331 769 475 809 iterum
506 767 727 818 iterumque
758 766 799 804 111
831 766 1098 806 Stesichorum
1130 766 1311 812 inclinat,
1353 765 1420 817 qui
1460 771 1499 805 et
1535 766 1581 805 de
1621 766 1734 806 Troia

223 845 267 878 ut
299 836 465 876 vidimus
497 834 769 887 antiquissima
801 834 978 881 servavit,
1010 841 1048 874 et
1068 848 1144 887 quo
1165 847 1279 874 nemo
1307 833 1613 874 necessitudines
1634 834 1735 874 inter

222 905 467 959 Amyclaeam
514 910 553 943 et
592 902 779 943 Aetoliam
819 902 1088 955 antiquitatem
1126 902 1407 943 intercedentes
1453 902 1520 954 qui
1559 904 1732 950 referret,

226 976 336 1015 testis
381 973 530 1013 exstitit
574 972 816 1024 locupletior.
879 972 954 1010 Sed
999 972 1155 1011 dissolvi
1193 972 1286 1011 haec
1325 972 1511 1023 quaestio,
1549 971 1734 1023 quamdiu

223 1056 302 1083 non
334 1055 432 1083 nova
464 1040 645 1081 materies
675 1039 870 1087 accrescit,
902 1040 1048 1091 nequit.
1081 1063 1135 1067 —

335 1247 458 1298 Atque
489 1245 565 1285 iam
596 1244 644 1284 ad
674 1244 792 1283 finem
823 1249 1053 1296 perventum
1086 1250 1155 1283 est.
1224 1243 1321 1283 Nam
1358 1244 1405 1283 ab
1436 1244 1577 1284 Helena
1609 1245 1737 1285 exorsi

222 1314 502 1369 pedetemptim
535 1313 693 1365 vestigia
737 1313 910 1352 eiusdem
948 1313 1117 1353 auctoris
1161 1313 1228 1364 qui
1263 1314 1302 1352 in
1338 1312 1399 1353 illa
1435 1326 1641 1366 expressus
1678 1322 1737 1354 est

222 1383 421 1424 consecuti
453 1395 602 1429 sumus,
634 1394 750 1433 quem
781 1386 978 1420 auctorem
1011 1393 1090 1420 non
1122 1381 1251 1421 statim
1283 1383 1452 1433 perfecta
1481 1381 1544 1421 illa
1569 1395 1588 1421 e
1612 1382 1736 1422 mani-

223 1454 296 1493 bus
328 1451 478 1492 misisse
509 1449 732 1503 Euripidem
766 1448 972 1489 verisimile
1003 1456 1095 1488 erat.
1155 1449 1233 1490 Nec
1263 1449 1360 1489 ratio
1391 1462 1462 1490 nos
1494 1450 1639 1490 fefellit.
1689 1451 1737 1491 Et

224 1523 390 1561 llelenae
421 1519 579 1571 quidem
610 1518 737 1557 fabula
767 1518 842 1556 iam
874 1517 914 1555 in
944 1518 1106 1565 Electra,
1138 1518 1228 1557 anni
1263 1518 1405 1570 prioris
1437 1520 1641 1570 tragoedia,
1673 1533 1735 1559 re-

224 1589 478 1644 spiciebatur,
515 1587 568 1627 ita
599 1593 642 1626 ut
672 1586 712 1625 in
742 1598 826 1625 eam
858 1598 1012 1638 quoque
1043 1586 1105 1626 hic
1143 1586 1219 1626 illic
1256 1586 1388 1626 lumen
1420 1587 1631 1628 Stesichori
1667 1601 1736 1641 pe-

223 1665 406 1699 netraret.
469 1656 543 1696 Sed
577 1661 730 1707 praeter
766 1656 1092 1706 exspectationem
1125 1657 1269 1694 factum
1306 1662 1385 1703 est,
1425 1662 1467 1695 ut
1503 1656 1579 1695 iam
1617 1657 1656 1697 in
1694 1671 1736 1697 ea

224 1727 386 1779 trilogia‚
418 1738 516 1779 quae
546 1724 587 1763 in
617 1722 751 1762 limine
782 1728 975 1762 extremae
1005 1721 1120 1761 huius
1150 1723 1284 1763 aetatis
1305 1722 1531 1776 Euripideae
1563 1724 1634 1765 sita
1665 1734 1735 1774 est,

222 1793 389 1832 eundem
429 1795 577 1832 fontem
610 1793 891 1842 detegeremus.
958 1790 1134 1829 Manibus
1167 1803 1257 1841 ergo
1289 1798 1460 1839 tenetur,
1498 1800 1735 1845 quantopere

225 1868 316 1900 tunc
354 1860 546 1913 coepisset
582 1865 695 1913 poeta
732 1860 778 1899 ad
809 1858 1057 1911 Aeschyleam
1096 1864 1217 1898 artem
1256 1872 1295 1898 se
1331 1860 1520 1912 applicare
1551 1868 1589 1901 et
1618 1875 1736 1902 novas

222 1929 351 1980 copias
382 1929 456 1968 sibi
486 1928 731 1980 suppeditare
764 1927 970 1966 veteriores
1001 1933 1133 1978 poetas
1165 1934 1203 1966 et
1233 1928 1427 1979 neglectos
1458 1930 1614 1980 quidem
1645 1931 1736 1970 ade-

223 1996 341 2037 undo.
416 1996 469 2036 De
512 1996 689 2048 pluribus
727 1996 833 2045 11100,
877 2008 966 2035 nam
1009 1994 1081 2035 etsi
1119 2007 1220 2035 unus
1259 1996 1503 2037 Stesichorus
1543 1998 1663 2038 multa
1702 1999 1737 2038 ei

222 2063 491 2118 suppeditasse
521 2064 630 2117 isque
662 2064 829 2104 maxime
857 2063 987 2105 studio
1009 2062 1235 2104 Troicarum
1256 2063 1474 2105 fabularum
1497 2065 1625 2107 denuo
1646 2079 1735 2108 eum

221 2133 440 2185 implevisse
472 2133 639 2180 videtur,
673 2140 802 2173 tamen
834 2134 866 2172 si
896 2134 990 2172 alios
1021 2139 1196 2172 auctores
1228 2134 1542 2182 excluderemus,
1580 2142 1647 2175 aut
1677 2136 1736 2175 di-

220 2201 332 2241 vitias
363 2200 581 2241 litterarum
612 2202 844 2242 Graecarum
876 2201 953 2240 iam
987 2207 1078 2241 tunc
1107 2201 1356 2250 exstantium,
1388 2208 1456 2243 aut
1485 2202 1737 2244 bibliothecae
1799 2218 1806 2223 ·

221 2270 450 2322 Euripideae
471 2269 613 2322 copias,
630 2284 726 2322 quas
745 2268 1014 2309 memorabiles
1030 2268 1149 2308 fuisse
1171 2275 1334 2317 constat,
1356 2269 1473 2310 nimis
1490 2272 1597 2323 parvi
1619 2272 1736 2312 duce-

220 2350 366 2377 remus.
403 2337 645 2378 Documento
666 2345 725 2379 est
744 2339 895 2391 Ibycus,
918 2337 1028 2376 cuius
1059 2336 1260 2388 vestigium
1281 2337 1320 2376 in
1343 2338 1556 2379 Troadibus
1586 2348 1738 2393 praeter

222 2406 489 2447 Stesichorum
522 2406 824 2460 deprehendisse
856 2406 967 2446 nobis
999 2405 1187 2447 videmur.
1253 2407 1379 2454 Quare
1409 2421 1556 2456 vereor,
1588 2409 1736 2450 fabulas

333 2556 374 2593 77)
400 2554 506 2587 Valde
533 2554 749 2587 memorabile
766 2550 913 2599 ΑἸαριός
939 2556 1090 2598 oppidum
1114 2556 1147 2587 111
1167 2555 1354 2587 Laconicae
1380 2566 1438 2587 ora
1457 2557 1618 2589 orientali
1635 2558 1736 2590 situm

220 2609 316 2643 Paus.
342 2609 385 2642 111
403 2610 456 2651 22,
476 2609 506 2642 6.
533 2609 588 2652 21,
606 2610 636 2652 6,
663 2614 696 2642 et
714 2610 865 2643 Maronis
890 2611 1062 2644 delubrum
1088 2612 1167 2644 item
1184 2610 1493 2645 Lacedaemonium.
1531 2613 1566 2645 P.
1585 2612 1627 2645 111
1647 2613 1696 2656 12,
1719 2614 1737 2646 7

219 2667 404 2711 proximum
437 2667 583 2700 llellenii
620 2668 743 2710 oppidi.
797 2668 896 2714 παρὰ
930 2667 968 2702 δὲ
1005 2669 1043 2701 τὸ
1072 2666 1251 2710 Ἑλλήνιον
1280 2665 1465 2714 Ἀρσινόης
1504 2667 1619 2714 ἱερόν,
1643 2673 1738 2703 Λευ-

218 2726 359 2757 κίππου
382 2733 418 2756 τε
443 2719 627 2770 θυγατρός
651 2725 710 2756 καὶ
732 2726 910 2769 γυναικῶν
934 2726 1002 2760 τῶν
1023 2719 1271 2763 Πολυδεύκους
1293 2728 1353 2759 καὶ
1374 2724 1562 2773 Κάστορος
1584 2722 1739 2770 ἀδελφῆς

218 2781 355 2824 (Paua).
403 2780 492 2812 Haec
524 2791 618 2823 quam
649 2792 749 2824 prope
782 2788 815 2815 et
847 2784 936 2816 inter
969 2795 1003 2817 se
1030 2786 1234 2817 cohaereant
1258 2790 1291 2817 et
1315 2785 1355 2816 ad
1382 2784 1527 2817 Helenae
1552 2794 1608 2816 res
1633 2794 1735 2826 supra

219 2840 263 2881 (p.
281 2839 322 2872 10
340 2839 428 2881 sqq.)
447 2838 621 2880 expositas
639 2839 801 2872 accedant
818 2840 915 2873 docet
933 2840 1044 2884 Steph.
1063 2842 1142 2885 Byz.
1160 2836 1358 2887 Μάριον,
1377 2839 1512 2876 πόλις
1527 2833 1736 2886 Κύπρου,

220 2893 238 2938 ὴ
261 2897 581 2940 μετονομασθεῖσα
603 2892 774 2942 Ἀρσινόη.
