1937 3315
827 145 1084 184 ..8-

195 261 397 301 Homerica
428 273 527 312 quae
557 267 614 300 est
651 261 697 300 de
727 260 889 299 Menelai
928 260 1066 300 itinere
1096 261 1280 313 Aegyptio
1318 273 1395 300 non
1433 266 1574 300 terram
1607 261 1709 301 anti-

194 329 326 381 quitus
344 328 503 381 Aegypti
525 329 680 368 nomine
702 327 936 368 intellectam
960 341 1056 376 esse,
1079 328 1144 369 sed
1160 328 1288 368 Nilum
1314 334 1509 381 tamquam
1532 328 1707 369 divinum

194 399 337 436 flumen
369 403 407 434 et
431 397 662 441 fabulosum,
695 396 732 433 in
766 401 957 435 terrarum
991 397 1064 435 line
1095 398 1226 442 sitnm,
1250 396 1391 435 Oceani
1417 396 1600 443 vicinum,
1622 409 1708 436 cae-

191 466 327 504 lestem
357 466 550 515 quandam
583 464 726 511 sedem,
758 476 834 515 quo
867 463 1011 503 Helena
1042 464 1110 503 dea
1131 463 1375 503 Doriensium
1407 463 1587 516 opinione
1618 477 1708 516 per-

194 533 346 572 tineret.
393 533 445 572 De
467 545 539 583 qua
572 531 762 571 sententia
784 544 874 571 mox
895 531 1118 572 videndum.
1164 531 1275 571 Nunc
1305 531 1575 583 gravissimum
1597 533 1708 572 testi-

193 601 381 647 monium,
404 601 505 651 quod
530 599 673 638 Duhnii
696 600 793 651 fugit
815 599 1065 650 diligentiam,
1088 600 1163 639 mei
1184 598 1372 651 propositi
1392 612 1505 639 causa
1526 599 1707 648 exhibeo3

192 669 310 707 schol.
343 668 453 707 Pind.
475 667 584 706 Nem.
615 667 649 706 X
675 668 753 706 150
786 667 960 718 (Hesiod.
993 670 1039 706 fr.
1063 667 1158 707 CVII
1178 666 1418 707 Markscheff.
1455 668 1529 706 111
1555 666 1705 718 Kink.):

192 734 214 776 ὅ
245 737 389 789 μέντοι
411 733 614 782 “Ησίοδος
646 732 744 775 οὔτε
765 733 919 788 Λήδας
952 733 1050 776 οὔτε
1073 737 1299 789 Νεμέσεως
1320 733 1478 775 δίδωσι
1500 733 1577 789 τὴν
1593 732 1707 775 Ἑλέ-

191 817 282 857 νην,
316 800 426 842 ἀλλὰ
449 804 673 854 θυγατέρα
687 799 905 844 Ὠκεαιό
922 803 943 843 ὕ
971 802 1044 843 καὶ
1073 802 1249 857 Τηθύος
1261 803 1305 855 ⁸).
1352 802 1563 843 Hesiodeos
1589 802 1707 854 igitur

188 873 224 911 in
258 871 424 911 Helenae
462 871 581 910 rebus
619 877 751 922 poetas
788 870 1053 922 dignoscimus
1088 871 1202 918 duos,
1244 871 1406 911 alterum
1446 871 1704 923 catalogorum

188 945 406 985 auctorem,
440 939 506 990 qui
538 939 729 991 Tyndarei
761 939 876 977 filiam
909 939 1013 978 illam
1047 938 1142 978 dixit
1171 938 1365 989 vulgarem
1395 940 1507 989 fugae
1537 938 1705 978 fabulam

187 1009 360 1047 referens
393 1008 454 1055 (fr.
480 1006 559 1046 112
592 1007 667 1053 K),
711 1019 877 1059 quacum
919 1006 1173 1047 simulacrum
1207 1006 1302 1047 illud
1339 1005 1522 1058 coniungi
1551 1006 1705 1059 nequit;

186 1077 351 1115 alterum
396 1075 463 1126 qui
503 1088 586 1115 eam
627 1075 769 1115 Oceani
807 1075 925 1114 filiam
964 1074 1078 1122 dixit3
1118 1081 1156 1114 et
1191 1075 1283 1115 huic
1318 1075 1447 1127 potius
1484 1075 1706 1115 conveniret

187 1146 288 1182 fama
320 1144 394 1190 illa,
428 1156 526 1194 quae
547 1143 651 1181 nulla
675 1141 854 1181 muliebri
875 1141 1041 1188 levitate,
1071 1141 1215 1180 nullius
1237 1141 1384 1181 Paridis
1404 1142 1573 1182 facinore
1594 1142 1704 1182 deam

186 1211 364 1250 infamari
395 1223 507 1262 passa
538 1209 789 1249 simulacrum
812 1208 894 1260 rapi
925 1208 1104 1259 fingebat,
1137 1209 1167 1248 si
1199 1209 1315 1248 modo
1342 1214 1445 1249 recte
1476 1222 1516 1249 se
1546 1209 1706 1249 haberet

186 1278 374 1317 scholium
417 1279 461 1316 ad
501 1277 795 1329 Lycophronem
833 1275 1085 1328 adscriptum.
1151 1276 1201 1316 At
1239 1283 1281 1316 ut
1318 1289 1394 1316 una
1435 1277 1545 1317 alteri
1581 1279 1705 1317 famae

186 1346 406 1398 respondet,
438 1345 489 1384 ita
512 1344 694 1396 coniungi
723 1344 825 1383 inter
856 1356 897 1382 se
926 1355 1089 1395 prorsus
1111 1349 1323 1395 nequeunt.
1368 1344 1446 1384 Aut
1476 1344 1577 1384 enim
1610 1357 1704 1397 pro-

187 1413 291 1453 venit
314 1413 456 1452 Helena
488 1426 508 1452 e
540 1412 667 1452 divina
698 1412 760 1451 illa
791 1411 951 1462 origine,
984 1410 1062 1450 sive
1096 1410 1294 1451 Oceanum
1326 1411 1420 1452 dicis
1452 1412 1531 1452 sive
1552 1413 1703 1466 Aegyp-

188 1489 268 1522 tum
303 1481 382 1521 sive
412 1481 509 1521 lucis
543 1481 692 1529 sedem,
729 1485 795 1520 aut
826 1480 1051 1531 deportatur
1080 1478 1182 1527 illuc,
1215 1480 1307 1519 dum
1339 1480 1478 1520 nebula
1508 1486 1701 1533 raptorem

186 1551 300 1589 fallit:
338 1558 376 1588 at
408 1556 450 1588 ut
480 1548 809 1588 commisceantur
839 1547 974 1586 ambae
1005 1547 1178 1586 eiusdem
1210 1547 1266 1586 rei
1296 1550 1462 1596 formae,
1498 1549 1581 1589 fieri
1621 1562 1700 1589 non

186 1624 326 1670 potest,
359 1617 434 1655 nisi
464 1616 577 1655 laesis
607 1615 756 1666 legibus
787 1628 883 1666 quas
910 1614 1025 1654 etiam
1058 1614 1291 1665 mythologia
1322 1615 1438 1655 habet
1469 1616 1703 1668 (antiquiore

186 1691 288 1723 certe
320 1684 459 1734 aetate)
490 1682 730 1722 certissimis.
778 1683 900 1733 Saepe
930 1681 969 1720 in
1001 1680 1180 1732 genuinis
1201 1681 1341 1721 fabulis
1372 1695 1445 1722 usu
1477 1683 1582 1724 venit
1602 1684 1700 1736 (veri

186 1749 372 1788 memoria
404 1748 576 1801 paullum
610 1748 846 1800 obscurata),
880 1755 922 1788 ut
952 1772 1005 1777 —-
1028 1748 1182 1800 regione
1213 1762 1390 1801 perversa
1412 1774 1466 1778 —
1488 1752 1703 1792 occultetur

184 1817 323 1868 aliquis
355 1817 413 1855 vel
443 1818 630 1868 profugus
663 1823 723 1856 eat
754 1817 845 1856 illuc
876 1817 977 1857 unde
1007 1830 1142 1869 reapse
1172 1824 1254 1857 erat
1283 1817 1483 1858 oriundus.
1529 1819 1703 1861 Abscon-

185 1887 290 1925 ‹litur
320 1885 475 1937 Tityus,
515 1897 630 1935 quem
664 1885 818 1925 aliunde
849 1899 869 1924 e
900 1886 1017 1925 Terra
1048 1891 1280 1938 prognatum
1316 1899 1400 1926 esse
1430 1887 1629 1936 audimus,
1665 1889 1704 1928 in

186 1961 308 1993 terrae
340 1953 564 2000 visceribus,
596 1953 691 1992 item
723 1953 915 2002 Bacchus,
953 1954 1142 2006 phallicus
1179 1954 1287 2002 deus,
1318 1954 1360 1993 in
1391 1954 1549 2007 inguine
1578 1956 1702 2006 Jovis3

184 2022 352 2061 occultat
388 2034 428 2060 se
468 2021 570 2060 idem
610 2021 830 2073 Lycurgum
870 2022 1020 2073 fugiens
1057 2022 1096 2060 in
1138 2022 1250 2069 mari,
1291 2022 1396 2073 quod
1437 2024 1585 2063 cultum
1621 2025 1705 2064 eius

185 2089 337 2127 Graecis
368 2101 413 2126 ex
445 2088 533 2127 Asia
565 2088 795 2140 asportavit,
826 2089 1000 2140 confugit
1030 2088 1167 2128 Peleus
1198 2102 1244 2128 ex
1266 2089 1419 2141 Aegina,
1451 2103 1529 2142 quo
1561 2091 1703 2143 migra-

185 2170 270 2195 vere
293 2157 488 2202 Aeacidae,
519 2156 558 2194 in
581 2156 839 2205 Thessaliam,
870 2163 908 2196 et
929 2170 1027 2208 quae
1058 2163 1151 2196 sunt
1172 2157 1396 2197 huiusmodi
1425 2158 1497 2198 alia
1523 2159 1690 2211 plurima

183 2225 309 2272 Quare
332 2224 498 2264 Helenae
520 2224 664 2264 Oceani
685 2223 784 2264 filiae
806 2225 1003 2265 mentione
1032 2223 1251 2265 excluditur
1271 2224 1558 2276 quodammodo
1579 2226 1703 2267 simu-

183 2294 329 2332 lacrum
363 2306 408 2331 ex
439 2292 545 2343 poesi
576 2292 763 2331 Hesiodea
777 2293 821 2341 9).

273 2396 300 2437 ⁸)
325 2394 451 2427 frustra
476 2395 604 2427 tradita
629 2399 836 2437 temptavere
855 2396 970 2438 Heyue
996 2396 1037 2427 ad
1055 2396 1207 2437 Apollod.
1233 2407 1264 2438 p.
1283 2396 1348 2429 285
1374 2401 1409 2428 et
1427 2395 1599 2429 Welcker.
1641 2397 1703 2440 Ep.

182 2452 274 2495 Cycl.
308 2451 428 2491 11132,
455 2451 496 2483 62
529 2451 638 2483 conisi
666 2452 757 2485 varia
784 2452 931 2485 lectione
956 2461 1038 2495 quae
1070 2456 1122 2485 est
1155 2452 1189 2485 in
1215 2453 1265 2486 ed.
1291 2452 1425 2486 Roman.
1451 2463 1511 2496 pro
1542 2449 1701 2493 Τηθύοςε

181 2506 281 2550 Διός,
308 2509 393 2540 unde
419 2507 615 2544 Ωκεανίδος
638 2520 667 2541 κ.
686 2510 730 2542 Δ.
758 2510 987 2542 coniecerunt.

271 2565 298 2606 9)
324 2564 448 2595 Duhnii
475 2564 530 2606 qui
550 2574 659 2596 veram
685 2565 820 2598 itineris
846 2575 864 2597 a
882 2565 1036 2598 Menelao
1062 2566 1095 2598 in
1114 2567 1304 2610 Aegyptum
1328 2564 1409 2599 facti
1434 2570 1585 2599 naturam
1603 2576 1699 2608 saga-

181 2623 269 2656 citer
300 2620 476 2665 patefecit,
511 2622 677 2654 sententia
711 2622 785 2655 inde
814 2623 966 2664 laborat,
1000 2624 1086 2666 quod
1114 2623 1287 2657 Menelaus
1321 2634 1525 2668 recuperare
1556 2624 1702 2657 divinam

180 2689 318 2711 uxorem
346 2678 460 2710 nescio
484 2678 571 2709 unde
596 2688 784 2719 possessam
810 2679 943 2711 dicitur.
984 2679 1030 2712 At
1054 2680 1195 2721 primum
1222 2680 1253 2712 id
1281 2681 1372 2712 nullo
1398 2685 1552 2714 veterum
1577 2680 1702 2713 indicio

180 2735 441 2776 commendatur,
475 2734 574 2767 immo
601 2734 748 2767 Duhnius
774 2746 802 2778 p.
826 2736 895 2778 16‚1
923 2736 1009 2769 locis
1033 2748 1056 2780 γ
1073 2736 1149 2779 301,
1174 2735 1197 2769 δ
1216 2737 1288 2771 125.
1314 2737 1380 2771 228
1406 2747 1587 2781 perverse,
1617 2738 1702 2772 locis

178 2792 293 2825 6478.
321 2793 383 2825 581
419 2797 514 2825 certe
547 2792 709 2824 audacius
735 2802 814 2824 usus
841 2798 902 2825 est.
950 2792 1034 2825 Tum
1067 2804 1131 2825 non
1163 2793 1196 2825 id
1222 2792 1374 2836 profecto
1399 2793 1540 2826 voluere
1569 2792 1702 2826 fabulae

179 2849 261 2882 illae
297 2849 496 2892 populares,
528 2853 565 2881 ut
596 2848 738 2881 maritus
770 2849 944 2889 coniugem
978 2849 1090 2882 nescio
1128 2851 1290 2892 quomodo
1328 2850 1483 2883 amissam
1512 2849 1704 2893 requireret
